{"18976": {"Wegmans": {"Items": {"2% reduced-fat milk": {"0": {"name": "Wegmans 2% Reduced Fat Milk", "price": "$1.32 /ea", "price_per_ounce": "1 qt ($1.32/qt)", "image": "https://shop.wegmans.com/cdn-cgi/image/dpr=1,f=auto,q=80,h=200,w=200/https://d2d8wwwkmhfcva.cloudfront.net/800x/filters:fill(FFF,true):format(jpg)/d2lnr5mha7bycj.cloudfront.net/product-image/file/large_997fe46c-770b-4237-b112-d0b79bace02c.jpg"}, "1": {"name": "Wegmans Organic 2% Reduced Fat Milk", "price": "$5.99 /ea", "price_per_ounce": "1 gal ($5.99/gal)", "image": "https://shop.wegmans.com/cdn-cgi/image/dpr=1,f=auto,q=80,h=200,w=200/https://d2d8wwwkmhfcva.cloudfront.net/800x/filters:fill(FFF,true):format(jpg)/d2lnr5mha7bycj.cloudfront.net/product-image/file/large_751383bd-5f57-4ea0-a2ca-168e0ee83a55.jpg"}, "2": {"name": "Wegmans Milk, 2% Reduced Fat", "price": "$4.36 /ea", "price_per_ounce": "1 gal ($4.36/gal)", "image": "https://shop.wegmans.com/cdn-cgi/image/dpr=1,f=auto,q=80,h=200,w=200/https://d2d8wwwkmhfcva.cloudfront.net/800x/filters:fill(FFF,true):format(jpg)/d2lnr5mha7bycj.cloudfront.net/product-image/file/large_4745408b-b062-4b34-8ca7-a7ebdb38ab8c.jpg"}, "3": {"name": "a2 Milk Milk, 2% Reduced Fat", "price": "$4.99 /ea", "price_per_ounce": "59 fl oz ($0.08/fl oz)", "image": "https://shop.wegmans.com/cdn-cgi/image/dpr=1,f=auto,q=80,h=200,w=200/https://d2d8wwwkmhfcva.cloudfront.net/800x/filters:fill(FFF,true):format(jpg)/d2lnr5mha7bycj.cloudfront.net/product-image/file/large_99459789-ff2d-4153-9864-cfaf28200c45.jpg"}, "4": {"name": "Wegmans 2% Reduced Fat Milk", "price": "$1.32 /ea", "price_per_ounce": "1 qt ($1.32/qt)", "image": "https://shop.wegmans.com/cdn-cgi/image/dpr=1,f=auto,q=80,h=200,w=200/https://d2d8wwwkmhfcva.cloudfront.net/800x/filters:fill(FFF,true):format(jpg)/d2lnr5mha7bycj.cloudfront.net/product-image/file/large_997fe46c-770b-4237-b112-d0b79bace02c.jpg"}, "5": {"name": "Wegmans Organic 2% Reduced Fat Milk", "price": "$5.99 /ea", "price_per_ounce": "1 gal ($5.99/gal)", "image": "https://shop.wegmans.com/cdn-cgi/image/dpr=1,f=auto,q=80,h=200,w=200/https://d2d8wwwkmhfcva.cloudfront.net/800x/filters:fill(FFF,true):format(jpg)/d2lnr5mha7bycj.cloudfront.net/product-image/file/large_751383bd-5f57-4ea0-a2ca-168e0ee83a55.jpg"}, "6": {"name": "Wegmans Milk, 2% Reduced Fat", "price": "$4.36 /ea", "price_per_ounce": "1 gal ($4.36/gal)", "image": "https://shop.wegmans.com/cdn-cgi/image/dpr=1,f=auto,q=80,h=200,w=200/https://d2d8wwwkmhfcva.cloudfront.net/800x/filters:fill(FFF,true):format(jpg)/d2lnr5mha7bycj.cloudfront.net/product-image/file/large_4745408b-b062-4b34-8ca7-a7ebdb38ab8c.jpg"}, "7": {"name": "a2 Milk Milk, 2% Reduced Fat", "price": "$4.99 /ea", "price_per_ounce": "59 fl oz ($0.08/fl oz)", "image": "https://shop.wegmans.com/cdn-cgi/image/dpr=1,f=auto,q=80,h=200,w=200/https://d2d8wwwkmhfcva.cloudfront.net/800x/filters:fill(FFF,true):format(jpg)/d2lnr5mha7bycj.cloudfront.net/product-image/file/large_99459789-ff2d-4153-9864-cfaf28200c45.jpg"}, "8": {"name": "Wegmans 2% Reduced Fat Milk", "price": "$1.32 /ea", "price_per_ounce": "1 qt ($1.32/qt)", "image": "https://shop.wegmans.com/cdn-cgi/image/dpr=1,f=auto,q=80,h=200,w=200/https://d2d8wwwkmhfcva.cloudfront.net/800x/filters:fill(FFF,true):format(jpg)/d2lnr5mha7bycj.cloudfront.net/product-image/file/large_997fe46c-770b-4237-b112-d0b79bace02c.jpg"}, "9": {"name": "Wegmans Organic 2% Reduced Fat Milk", "price": "$5.99 /ea", "price_per_ounce": "1 gal ($5.99/gal)", "image": "https://shop.wegmans.com/cdn-cgi/image/dpr=1,f=auto,q=80,h=200,w=200/https://d2d8wwwkmhfcva.cloudfront.net/800x/filters:fill(FFF,true):format(jpg)/d2lnr5mha7bycj.cloudfront.net/product-image/file/large_751383bd-5f57-4ea0-a2ca-168e0ee83a55.jpg"}, "10": {"name": "Wegmans Milk, 2% Reduced Fat", "price": "$4.36 /ea", "price_per_ounce": "1 gal ($4.36/gal)", "image": "https://shop.wegmans.com/cdn-cgi/image/dpr=1,f=auto,q=80,h=200,w=200/https://d2d8wwwkmhfcva.cloudfront.net/800x/filters:fill(FFF,true):format(jpg)/d2lnr5mha7bycj.cloudfront.net/product-image/file/large_4745408b-b062-4b34-8ca7-a7ebdb38ab8c.jpg"}, "11": {"name": "a2 Milk Milk, 2% Reduced Fat", "price": "$4.99 /ea", "price_per_ounce": "59 fl oz ($0.08/fl oz)", "image": "https://shop.wegmans.com/cdn-cgi/image/dpr=1,f=auto,q=80,h=200,w=200/https://d2d8wwwkmhfcva.cloudfront.net/800x/filters:fill(FFF,true):format(jpg)/d2lnr5mha7bycj.cloudfront.net/product-image/file/large_99459789-ff2d-4153-9864-cfaf28200c45.jpg"}}, "Large white eggs": {"0": {"name": "Eggland's Best Large White Eggs", "price": "$4.79 /ea", "price_per_ounce": "18 ct ($0.27/ct)", "image": "https://shop.wegmans.com/cdn-cgi/image/dpr=1,f=auto,q=80,h=200,w=200/https://d2d8wwwkmhfcva.cloudfront.net/800x/filters:fill(FFF,true):format(jpg)/d2lnr5mha7bycj.cloudfront.net/product-image/file/large_13b189e9-7a89-4143-a8d4-c3a90e3e8a19.jpg"}, "1": {"name": "Wegmans Grade AA Large Eggs, 12 Count", "price": "$1.39 /ea", "price_per_ounce": "24 oz ($0.06/oz)", "image": "https://shop.wegmans.com/cdn-cgi/image/dpr=1,f=auto,q=80,h=200,w=200/https://d2d8wwwkmhfcva.cloudfront.net/800x/filters:fill(FFF,true):format(jpg)/d2lnr5mha7bycj.cloudfront.net/product-image/file/large_66c879c7-c29c-4ad1-ad72-796ceebbba01.jpg"}, "2": {"name": "Eggland's Best Eggs, Extra Large", "price": "$3.79 /ea", "price_per_ounce": "12 ct ($0.32/ct)", "image": "https://shop.wegmans.com/cdn-cgi/image/dpr=1,f=auto,q=80,h=200,w=200/https://d2d8wwwkmhfcva.cloudfront.net/800x/filters:fill(FFF,true):format(jpg)/d2lnr5mha7bycj.cloudfront.net/product-image/file/large_930b70f4-7708-42d4-bca4-dac26ed6fab5.jpg"}, "3": {"name": "Wegmans Grade AA Large Eggs, 18 Count", "price": "$1.93 /ea", "price_per_ounce": "18 ct ($0.11/ct)", "image": "https://shop.wegmans.com/cdn-cgi/image/dpr=1,f=auto,q=80,h=200,w=200/https://d2d8wwwkmhfcva.cloudfront.net/800x/filters:fill(FFF,true):format(jpg)/d2lnr5mha7bycj.cloudfront.net/product-image/file/large_c027a581-5517-430f-959a-366344658f82.jpg"}, "4": {"name": "Eggland's Best Large White Eggs", "price": "$4.79 /ea", "price_per_ounce": "18 ct ($0.27/ct)", "image": "https://shop.wegmans.com/cdn-cgi/image/dpr=1,f=auto,q=80,h=200,w=200/https://d2d8wwwkmhfcva.cloudfront.net/800x/filters:fill(FFF,true):format(jpg)/d2lnr5mha7bycj.cloudfront.net/product-image/file/large_13b189e9-7a89-4143-a8d4-c3a90e3e8a19.jpg"}, "5": {"name": "Wegmans Grade AA Large Eggs, 12 Count", "price": "$1.39 /ea", "price_per_ounce": "24 oz ($0.06/oz)", "image": "https://shop.wegmans.com/cdn-cgi/image/dpr=1,f=auto,q=80,h=200,w=200/https://d2d8wwwkmhfcva.cloudfront.net/800x/filters:fill(FFF,true):format(jpg)/d2lnr5mha7bycj.cloudfront.net/product-image/file/large_66c879c7-c29c-4ad1-ad72-796ceebbba01.jpg"}, "6": {"name": "Eggland's Best Eggs, Extra Large", "price": "$3.79 /ea", "price_per_ounce": "12 ct ($0.32/ct)", "image": "https://shop.wegmans.com/cdn-cgi/image/dpr=1,f=auto,q=80,h=200,w=200/https://d2d8wwwkmhfcva.cloudfront.net/800x/filters:fill(FFF,true):format(jpg)/d2lnr5mha7bycj.cloudfront.net/product-image/file/large_930b70f4-7708-42d4-bca4-dac26ed6fab5.jpg"}, "7": {"name": "Wegmans Grade AA Large Eggs, 18 Count", "price": "$1.93 /ea", "price_per_ounce": "18 ct ($0.11/ct)", "image": "https://shop.wegmans.com/cdn-cgi/image/dpr=1,f=auto,q=80,h=200,w=200/https://d2d8wwwkmhfcva.cloudfront.net/800x/filters:fill(FFF,true):format(jpg)/d2lnr5mha7bycj.cloudfront.net/product-image/file/large_c027a581-5517-430f-959a-366344658f82.jpg"}, "8": {"name": "Eggland's Best Large White Eggs", "price": "$4.79 /ea", "price_per_ounce": "18 ct ($0.27/ct)", "image": "https://shop.wegmans.com/cdn-cgi/image/dpr=1,f=auto,q=80,h=200,w=200/https://d2d8wwwkmhfcva.cloudfront.net/800x/filters:fill(FFF,true):format(jpg)/d2lnr5mha7bycj.cloudfront.net/product-image/file/large_13b189e9-7a89-4143-a8d4-c3a90e3e8a19.jpg"}, "9": {"name": "Wegmans Grade AA Large Eggs, 12 Count", "price": "$1.39 /ea", "price_per_ounce": "24 oz ($0.06/oz)", "image": "https://shop.wegmans.com/cdn-cgi/image/dpr=1,f=auto,q=80,h=200,w=200/https://d2d8wwwkmhfcva.cloudfront.net/800x/filters:fill(FFF,true):format(jpg)/d2lnr5mha7bycj.cloudfront.net/product-image/file/large_66c879c7-c29c-4ad1-ad72-796ceebbba01.jpg"}, "10": {"name": "Eggland's Best Eggs, Extra Large", "price": "$3.79 /ea", "price_per_ounce": "12 ct ($0.32/ct)", "image": "https://shop.wegmans.com/cdn-cgi/image/dpr=1,f=auto,q=80,h=200,w=200/https://d2d8wwwkmhfcva.cloudfront.net/800x/filters:fill(FFF,true):format(jpg)/d2lnr5mha7bycj.cloudfront.net/product-image/file/large_930b70f4-7708-42d4-bca4-dac26ed6fab5.jpg"}, "11": {"name": "Wegmans Grade AA Large Eggs, 18 Count", "price": "$1.93 /ea", "price_per_ounce": "18 ct ($0.11/ct)", "image": "https://shop.wegmans.com/cdn-cgi/image/dpr=1,f=auto,q=80,h=200,w=200/https://d2d8wwwkmhfcva.cloudfront.net/800x/filters:fill(FFF,true):format(jpg)/d2lnr5mha7bycj.cloudfront.net/product-image/file/large_c027a581-5517-430f-959a-366344658f82.jpg"}}, "Sliced white bread": {"0": {"name": "Pepperidge Farm Farmhouse Bread, Hearty White", "price": "$4.49 /ea", "price_per_ounce": "24 oz ($0.19/oz)", "image": "https://shop.wegmans.com/cdn-cgi/image/dpr=1,f=auto,q=80,h=200,w=200/https://d2d8wwwkmhfcva.cloudfront.net/800x/filters:fill(FFF,true):format(jpg)/d2lnr5mha7bycj.cloudfront.net/product-image/file/large_5093067d-8651-46d7-9d4c-1ac4b987139d.jpg"}, "1": {"name": "Wegmans Giant White Bread", "price": "$1.29 /ea", "price_per_ounce": "22 oz ($0.06/oz)", "image": "https://shop.wegmans.com/cdn-cgi/image/dpr=1,f=auto,q=80,h=200,w=200/https://d2d8wwwkmhfcva.cloudfront.net/800x/filters:fill(FFF,true):format(jpg)/d2lnr5mha7bycj.cloudfront.net/product-image/file/large_dfe5a1fc-e01a-42a8-80e1-4c7de429b555.jpg"}, "2": {"name": "Pepperidge Farm White White Bread", "price": "$4.79 /ea", "price_per_ounce": "16 oz ($0.30/oz)", "image": "https://shop.wegmans.com/cdn-cgi/image/dpr=1,f=auto,q=80,h=200,w=200/https://d2d8wwwkmhfcva.cloudfront.net/800x/filters:fill(FFF,true):format(jpg)/d2lnr5mha7bycj.cloudfront.net/product-image/file/large_80b34936-69d9-491a-9bfa-39855ea686fa.jpg"}, "3": {"name": "Dave's Killer Bread Bread, Organic, White Bread Done Right", "price": "$6.49 /ea", "price_per_ounce": "24 oz ($0.27/oz)", "image": "https://shop.wegmans.com/cdn-cgi/image/dpr=1,f=auto,q=80,h=200,w=200/https://d2d8wwwkmhfcva.cloudfront.net/800x/filters:fill(FFF,true):format(jpg)/d2lnr5mha7bycj.cloudfront.net/product-image/file/large_c7ae36c7-f07f-489f-a80a-a010d80ff7a4.jpg"}, "4": {"name": "Pepperidge Farm Farmhouse Bread, Hearty White", "price": "$4.49 /ea", "price_per_ounce": "24 oz ($0.19/oz)", "image": "https://shop.wegmans.com/cdn-cgi/image/dpr=1,f=auto,q=80,h=200,w=200/https://d2d8wwwkmhfcva.cloudfront.net/800x/filters:fill(FFF,true):format(jpg)/d2lnr5mha7bycj.cloudfront.net/product-image/file/large_5093067d-8651-46d7-9d4c-1ac4b987139d.jpg"}, "5": {"name": "Wegmans Giant White Bread", "price": "$1.29 /ea", "price_per_ounce": "22 oz ($0.06/oz)", "image": "https://shop.wegmans.com/cdn-cgi/image/dpr=1,f=auto,q=80,h=200,w=200/https://d2d8wwwkmhfcva.cloudfront.net/800x/filters:fill(FFF,true):format(jpg)/d2lnr5mha7bycj.cloudfront.net/product-image/file/large_dfe5a1fc-e01a-42a8-80e1-4c7de429b555.jpg"}, "6": {"name": "Pepperidge Farm White White Bread", "price": "$4.79 /ea", "price_per_ounce": "16 oz ($0.30/oz)", "image": "https://shop.wegmans.com/cdn-cgi/image/dpr=1,f=auto,q=80,h=200,w=200/https://d2d8wwwkmhfcva.cloudfront.net/800x/filters:fill(FFF,true):format(jpg)/d2lnr5mha7bycj.cloudfront.net/product-image/file/large_80b34936-69d9-491a-9bfa-39855ea686fa.jpg"}, "7": {"name": "Dave's Killer Bread Bread, Organic, White Bread Done Right", "price": "$6.49 /ea", "price_per_ounce": "24 oz ($0.27/oz)", "image": "https://shop.wegmans.com/cdn-cgi/image/dpr=1,f=auto,q=80,h=200,w=200/https://d2d8wwwkmhfcva.cloudfront.net/800x/filters:fill(FFF,true):format(jpg)/d2lnr5mha7bycj.cloudfront.net/product-image/file/large_c7ae36c7-f07f-489f-a80a-a010d80ff7a4.jpg"}, "8": {"name": "Pepperidge Farm Farmhouse Bread, Hearty White", "price": "$4.49 /ea", "price_per_ounce": "24 oz ($0.19/oz)", "image": "https://shop.wegmans.com/cdn-cgi/image/dpr=1,f=auto,q=80,h=200,w=200/https://d2d8wwwkmhfcva.cloudfront.net/800x/filters:fill(FFF,true):format(jpg)/d2lnr5mha7bycj.cloudfront.net/product-image/file/large_5093067d-8651-46d7-9d4c-1ac4b987139d.jpg"}, "9": {"name": "Wegmans Giant White Bread", "price": "$1.29 /ea", "price_per_ounce": "22 oz ($0.06/oz)", "image": "https://shop.wegmans.com/cdn-cgi/image/dpr=1,f=auto,q=80,h=200,w=200/https://d2d8wwwkmhfcva.cloudfront.net/800x/filters:fill(FFF,true):format(jpg)/d2lnr5mha7bycj.cloudfront.net/product-image/file/large_dfe5a1fc-e01a-42a8-80e1-4c7de429b555.jpg"}, "10": {"name": "Pepperidge Farm White White Bread", "price": "$4.79 /ea", "price_per_ounce": "16 oz ($0.30/oz)", "image": "https://shop.wegmans.com/cdn-cgi/image/dpr=1,f=auto,q=80,h=200,w=200/https://d2d8wwwkmhfcva.cloudfront.net/800x/filters:fill(FFF,true):format(jpg)/d2lnr5mha7bycj.cloudfront.net/product-image/file/large_80b34936-69d9-491a-9bfa-39855ea686fa.jpg"}, "11": {"name": "Dave's Killer Bread Bread, Organic, White Bread Done Right", "price": "$6.49 /ea", "price_per_ounce": "24 oz ($0.27/oz)", "image": "https://shop.wegmans.com/cdn-cgi/image/dpr=1,f=auto,q=80,h=200,w=200/https://d2d8wwwkmhfcva.cloudfront.net/800x/filters:fill(FFF,true):format(jpg)/d2lnr5mha7bycj.cloudfront.net/product-image/file/large_c7ae36c7-f07f-489f-a80a-a010d80ff7a4.jpg"}}, "Long-grain white rice": {"0": {"name": "Ben's Original Ready Rice Original Long Grain White", "price": "$2.49 /ea", "price_per_ounce": "8.8 oz ($0.28/oz)", "image": "https://shop.wegmans.com/cdn-cgi/image/dpr=1,f=auto,q=80,h=200,w=200/https://d2d8wwwkmhfcva.cloudfront.net/800x/filters:fill(FFF,true):format(jpg)/d2lnr5mha7bycj.cloudfront.net/product-image/file/large_18241bd1-9438-4239-a717-325db12d69e0.jpg"}, "1": {"name": "Wegmans Long Grain White Rice", "price": "$0.99 /ea", "price_per_ounce": "16 oz ($0.06/oz)", "image": "https://shop.wegmans.com/cdn-cgi/image/dpr=1,f=auto,q=80,h=200,w=200/https://d2d8wwwkmhfcva.cloudfront.net/800x/filters:fill(FFF,true):format(jpg)/d2lnr5mha7bycj.cloudfront.net/product-image/file/large_51d68a8e-5cf3-44bb-a2bc-56be00bdb3d2.jpg"}, "2": {"name": "Goya Enriched Rice, Extra Long Grain", "price": "$15.99 /ea", "price_per_ounce": "20 lb ($0.80/lb)", "image": "https://shop.wegmans.com/cdn-cgi/image/dpr=1,f=auto,q=80,h=200,w=200/https://d2d8wwwkmhfcva.cloudfront.net/800x/filters:fill(FFF,true):format(jpg)/d2lnr5mha7bycj.cloudfront.net/product-image/file/large_5f89c8aa-9c6e-4955-a108-70c7ae9235f5.jpg"}, "3": {"name": "Wegmans Enriched Long Grain White Rice", "price": "$6.49 /ea", "price_per_ounce": "10 lb ($0.65/lb)", "image": "https://shop.wegmans.com/cdn-cgi/image/dpr=1,f=auto,q=80,h=200,w=200/https://d2d8wwwkmhfcva.cloudfront.net/800x/filters:fill(FFF,true):format(jpg)/d2lnr5mha7bycj.cloudfront.net/product-image/file/large_3b35e951-3167-4e97-867a-f106c4c3744c.jpg"}, "4": {"name": "Ben's Original Ready Rice Original Long Grain White", "price": "$2.49 /ea", "price_per_ounce": "8.8 oz ($0.28/oz)", "image": "https://shop.wegmans.com/cdn-cgi/image/dpr=1,f=auto,q=80,h=200,w=200/https://d2d8wwwkmhfcva.cloudfront.net/800x/filters:fill(FFF,true):format(jpg)/d2lnr5mha7bycj.cloudfront.net/product-image/file/large_18241bd1-9438-4239-a717-325db12d69e0.jpg"}, "5": {"name": "Wegmans Long Grain White Rice", "price": "$0.99 /ea", "price_per_ounce": "16 oz ($0.06/oz)", "image": "https://shop.wegmans.com/cdn-cgi/image/dpr=1,f=auto,q=80,h=200,w=200/https://d2d8wwwkmhfcva.cloudfront.net/800x/filters:fill(FFF,true):format(jpg)/d2lnr5mha7bycj.cloudfront.net/product-image/file/large_51d68a8e-5cf3-44bb-a2bc-56be00bdb3d2.jpg"}, "6": {"name": "Goya Enriched Rice, Extra Long Grain", "price": "$15.99 /ea", "price_per_ounce": "20 lb ($0.80/lb)", "image": "https://shop.wegmans.com/cdn-cgi/image/dpr=1,f=auto,q=80,h=200,w=200/https://d2d8wwwkmhfcva.cloudfront.net/800x/filters:fill(FFF,true):format(jpg)/d2lnr5mha7bycj.cloudfront.net/product-image/file/large_5f89c8aa-9c6e-4955-a108-70c7ae9235f5.jpg"}, "7": {"name": "Wegmans Enriched Long Grain White Rice", "price": "$6.49 /ea", "price_per_ounce": "10 lb ($0.65/lb)", "image": "https://shop.wegmans.com/cdn-cgi/image/dpr=1,f=auto,q=80,h=200,w=200/https://d2d8wwwkmhfcva.cloudfront.net/800x/filters:fill(FFF,true):format(jpg)/d2lnr5mha7bycj.cloudfront.net/product-image/file/large_3b35e951-3167-4e97-867a-f106c4c3744c.jpg"}, "8": {"name": "Ben's Original Ready Rice Original Long Grain White", "price": "$2.49 /ea", "price_per_ounce": "8.8 oz ($0.28/oz)", "image": "https://shop.wegmans.com/cdn-cgi/image/dpr=1,f=auto,q=80,h=200,w=200/https://d2d8wwwkmhfcva.cloudfront.net/800x/filters:fill(FFF,true):format(jpg)/d2lnr5mha7bycj.cloudfront.net/product-image/file/large_18241bd1-9438-4239-a717-325db12d69e0.jpg"}, "9": {"name": "Wegmans Long Grain White Rice", "price": "$0.99 /ea", "price_per_ounce": "16 oz ($0.06/oz)", "image": "https://shop.wegmans.com/cdn-cgi/image/dpr=1,f=auto,q=80,h=200,w=200/https://d2d8wwwkmhfcva.cloudfront.net/800x/filters:fill(FFF,true):format(jpg)/d2lnr5mha7bycj.cloudfront.net/product-image/file/large_51d68a8e-5cf3-44bb-a2bc-56be00bdb3d2.jpg"}, "10": {"name": "Goya Enriched Rice, Extra Long Grain", "price": "$15.99 /ea", "price_per_ounce": "20 lb ($0.80/lb)", "image": "https://shop.wegmans.com/cdn-cgi/image/dpr=1,f=auto,q=80,h=200,w=200/https://d2d8wwwkmhfcva.cloudfront.net/800x/filters:fill(FFF,true):format(jpg)/d2lnr5mha7bycj.cloudfront.net/product-image/file/large_5f89c8aa-9c6e-4955-a108-70c7ae9235f5.jpg"}, "11": {"name": "Wegmans Enriched Long Grain White Rice", "price": "$6.49 /ea", "price_per_ounce": "10 lb ($0.65/lb)", "image": "https://shop.wegmans.com/cdn-cgi/image/dpr=1,f=auto,q=80,h=200,w=200/https://d2d8wwwkmhfcva.cloudfront.net/800x/filters:fill(FFF,true):format(jpg)/d2lnr5mha7bycj.cloudfront.net/product-image/file/large_3b35e951-3167-4e97-867a-f106c4c3744c.jpg"}}, "Spaghetti": {"0": {"name": "Wegmans Spaghetti & Meatball, Italian, Pasta Bowl", "price": "$11.00 /ea", "price_per_ounce": "14 oz ($0.79/oz)", "image": "https://shop.wegmans.com/cdn-cgi/image/dpr=1,f=auto,q=80,h=200,w=200/https://d2d8wwwkmhfcva.cloudfront.net/800x/filters:fill(FFF,true):format(jpg)/d2lnr5mha7bycj.cloudfront.net/product-image/file/large_aa08e266-943e-47c4-adaa-6ba24054e7c6.jpg"}, "1": {"name": "Wegmans Spaghetti & Meatball, Italian, FAMILY PACK", "price": "$23.00 /ea", "price_per_ounce": "34 oz ($0.68/oz)", "image": "https://shop.wegmans.com/cdn-cgi/image/dpr=1,f=auto,q=80,h=200,w=200/https://d2d8wwwkmhfcva.cloudfront.net/800x/filters:fill(FFF,true):format(jpg)/d2lnr5mha7bycj.cloudfront.net/product-image/file/large_81cd5591-9753-498a-88a7-720a1db9287d.jpg"}, "2": {"name": "Wegmans Organic Amore Matt Spaghetti Heritage Grain Pasta", "price": "$5.99 /ea", "price_per_ounce": "16 oz ($0.37/oz)", "image": "https://shop.wegmans.com/cdn-cgi/image/dpr=1,f=auto,q=80,h=200,w=200/https://d2d8wwwkmhfcva.cloudfront.net/800x/filters:fill(FFF,true):format(jpg)/d2lnr5mha7bycj.cloudfront.net/product-image/file/large_9d386e76-55fc-4272-925c-2675b10fb35a.jpg"}, "3": {"name": "Wegmans Spaghetti Pasta", "price": "$0.99 /ea", "price_per_ounce": "16 oz ($0.06/oz)", "image": "https://shop.wegmans.com/cdn-cgi/image/dpr=1,f=auto,q=80,h=200,w=200/https://d2d8wwwkmhfcva.cloudfront.net/800x/filters:fill(FFF,true):format(jpg)/d2lnr5mha7bycj.cloudfront.net/product-image/file/large_459e656a-5ab8-4c67-9344-6a29e996e6ec.jpg"}, "4": {"name": "Wegmans Spaghetti & Meatball, Italian, Pasta Bowl", "price": "$11.00 /ea", "price_per_ounce": "14 oz ($0.79/oz)", "image": "https://shop.wegmans.com/cdn-cgi/image/dpr=1,f=auto,q=80,h=200,w=200/https://d2d8wwwkmhfcva.cloudfront.net/800x/filters:fill(FFF,true):format(jpg)/d2lnr5mha7bycj.cloudfront.net/product-image/file/large_aa08e266-943e-47c4-adaa-6ba24054e7c6.jpg"}, "5": {"name": "Wegmans Spaghetti & Meatball, Italian, FAMILY PACK", "price": "$23.00 /ea", "price_per_ounce": "34 oz ($0.68/oz)", "image": "https://shop.wegmans.com/cdn-cgi/image/dpr=1,f=auto,q=80,h=200,w=200/https://d2d8wwwkmhfcva.cloudfront.net/800x/filters:fill(FFF,true):format(jpg)/d2lnr5mha7bycj.cloudfront.net/product-image/file/large_81cd5591-9753-498a-88a7-720a1db9287d.jpg"}, "6": {"name": "Wegmans Organic Amore Matt Spaghetti Heritage Grain Pasta", "price": "$5.99 /ea", "price_per_ounce": "16 oz ($0.37/oz)", "image": "https://shop.wegmans.com/cdn-cgi/image/dpr=1,f=auto,q=80,h=200,w=200/https://d2d8wwwkmhfcva.cloudfront.net/800x/filters:fill(FFF,true):format(jpg)/d2lnr5mha7bycj.cloudfront.net/product-image/file/large_9d386e76-55fc-4272-925c-2675b10fb35a.jpg"}, "7": {"name": "Wegmans Spaghetti Pasta", "price": "$0.99 /ea", "price_per_ounce": "16 oz ($0.06/oz)", "image": "https://shop.wegmans.com/cdn-cgi/image/dpr=1,f=auto,q=80,h=200,w=200/https://d2d8wwwkmhfcva.cloudfront.net/800x/filters:fill(FFF,true):format(jpg)/d2lnr5mha7bycj.cloudfront.net/product-image/file/large_459e656a-5ab8-4c67-9344-6a29e996e6ec.jpg"}, "8": {"name": "Wegmans Spaghetti & Meatball, Italian, Pasta Bowl", "price": "$11.00 /ea", "price_per_ounce": "14 oz ($0.79/oz)", "image": "https://shop.wegmans.com/cdn-cgi/image/dpr=1,f=auto,q=80,h=200,w=200/https://d2d8wwwkmhfcva.cloudfront.net/800x/filters:fill(FFF,true):format(jpg)/d2lnr5mha7bycj.cloudfront.net/product-image/file/large_aa08e266-943e-47c4-adaa-6ba24054e7c6.jpg"}, "9": {"name": "Wegmans Spaghetti & Meatball, Italian, FAMILY PACK", "price": "$23.00 /ea", "price_per_ounce": "34 oz ($0.68/oz)", "image": "https://shop.wegmans.com/cdn-cgi/image/dpr=1,f=auto,q=80,h=200,w=200/https://d2d8wwwkmhfcva.cloudfront.net/800x/filters:fill(FFF,true):format(jpg)/d2lnr5mha7bycj.cloudfront.net/product-image/file/large_81cd5591-9753-498a-88a7-720a1db9287d.jpg"}, "10": {"name": "Wegmans Organic Amore Matt Spaghetti Heritage Grain Pasta", "price": "$5.99 /ea", "price_per_ounce": "16 oz ($0.37/oz)", "image": "https://shop.wegmans.com/cdn-cgi/image/dpr=1,f=auto,q=80,h=200,w=200/https://d2d8wwwkmhfcva.cloudfront.net/800x/filters:fill(FFF,true):format(jpg)/d2lnr5mha7bycj.cloudfront.net/product-image/file/large_9d386e76-55fc-4272-925c-2675b10fb35a.jpg"}, "11": {"name": "Wegmans Spaghetti Pasta", "price": "$0.99 /ea", "price_per_ounce": "16 oz ($0.06/oz)", "image": "https://shop.wegmans.com/cdn-cgi/image/dpr=1,f=auto,q=80,h=200,w=200/https://d2d8wwwkmhfcva.cloudfront.net/800x/filters:fill(FFF,true):format(jpg)/d2lnr5mha7bycj.cloudfront.net/product-image/file/large_459e656a-5ab8-4c67-9344-6a29e996e6ec.jpg"}}, "Corn flakes": {"0": {"name": "Wegmans Corn Flakes Cereal", "price": "$2.49 /ea", "price_per_ounce": "18 oz ($0.14/oz)", "image": "https://shop.wegmans.com/cdn-cgi/image/dpr=1,f=auto,q=80,h=200,w=200/https://d2d8wwwkmhfcva.cloudfront.net/800x/filters:fill(FFF,true):format(jpg)/d2lnr5mha7bycj.cloudfront.net/product-image/file/large_86fa0e95-df8d-4266-8d57-71bc71e80db0.jpg"}, "1": {"name": "Wegmans Frosted Flakes Cereal", "price": "$1.99 /ea", "price_per_ounce": "13.5 oz ($0.15/oz)", "image": "https://shop.wegmans.com/cdn-cgi/image/dpr=1,f=auto,q=80,h=200,w=200/https://d2d8wwwkmhfcva.cloudfront.net/800x/filters:fill(FFF,true):format(jpg)/d2lnr5mha7bycj.cloudfront.net/product-image/file/large_a468e511-c3d2-4b58-baef-cc585fd8df4f.jpg"}, "2": {"name": "Wegmans Corn Squares Cereal", "price": "$2.49 /ea", "price_per_ounce": "12 oz ($0.21/oz)", "image": "https://shop.wegmans.com/cdn-cgi/image/dpr=1,f=auto,q=80,h=200,w=200/https://d2d8wwwkmhfcva.cloudfront.net/800x/filters:fill(FFF,true):format(jpg)/d2lnr5mha7bycj.cloudfront.net/product-image/file/large_6deeafac-6b9d-46da-8f1c-698fc4ad7d0f.jpg"}, "3": {"name": "Wegmans Crispy Rice Cereal", "price": "$1.99 /ea", "price_per_ounce": "12 oz ($0.17/oz)", "image": "https://shop.wegmans.com/cdn-cgi/image/dpr=1,f=auto,q=80,h=200,w=200/https://d2d8wwwkmhfcva.cloudfront.net/800x/filters:fill(FFF,true):format(jpg)/d2lnr5mha7bycj.cloudfront.net/product-image/file/large_c40b8cd8-0c0b-4c46-aef3-86ef9eeacd7e.jpg"}, "4": {"name": "Wegmans Corn Flakes Cereal", "price": "$2.49 /ea", "price_per_ounce": "18 oz ($0.14/oz)", "image": "https://shop.wegmans.com/cdn-cgi/image/dpr=1,f=auto,q=80,h=200,w=200/https://d2d8wwwkmhfcva.cloudfront.net/800x/filters:fill(FFF,true):format(jpg)/d2lnr5mha7bycj.cloudfront.net/product-image/file/large_86fa0e95-df8d-4266-8d57-71bc71e80db0.jpg"}, "5": {"name": "Wegmans Frosted Flakes Cereal", "price": "$1.99 /ea", "price_per_ounce": "13.5 oz ($0.15/oz)", "image": "https://shop.wegmans.com/cdn-cgi/image/dpr=1,f=auto,q=80,h=200,w=200/https://d2d8wwwkmhfcva.cloudfront.net/800x/filters:fill(FFF,true):format(jpg)/d2lnr5mha7bycj.cloudfront.net/product-image/file/large_a468e511-c3d2-4b58-baef-cc585fd8df4f.jpg"}, "6": {"name": "Wegmans Corn Squares Cereal", "price": "$2.49 /ea", "price_per_ounce": "12 oz ($0.21/oz)", "image": "https://shop.wegmans.com/cdn-cgi/image/dpr=1,f=auto,q=80,h=200,w=200/https://d2d8wwwkmhfcva.cloudfront.net/800x/filters:fill(FFF,true):format(jpg)/d2lnr5mha7bycj.cloudfront.net/product-image/file/large_6deeafac-6b9d-46da-8f1c-698fc4ad7d0f.jpg"}, "7": {"name": "Wegmans Crispy Rice Cereal", "price": "$1.99 /ea", "price_per_ounce": "12 oz ($0.17/oz)", "image": "https://shop.wegmans.com/cdn-cgi/image/dpr=1,f=auto,q=80,h=200,w=200/https://d2d8wwwkmhfcva.cloudfront.net/800x/filters:fill(FFF,true):format(jpg)/d2lnr5mha7bycj.cloudfront.net/product-image/file/large_c40b8cd8-0c0b-4c46-aef3-86ef9eeacd7e.jpg"}, "8": {"name": "Wegmans Corn Flakes Cereal", "price": "$2.49 /ea", "price_per_ounce": "18 oz ($0.14/oz)", "image": "https://shop.wegmans.com/cdn-cgi/image/dpr=1,f=auto,q=80,h=200,w=200/https://d2d8wwwkmhfcva.cloudfront.net/800x/filters:fill(FFF,true):format(jpg)/d2lnr5mha7bycj.cloudfront.net/product-image/file/large_86fa0e95-df8d-4266-8d57-71bc71e80db0.jpg"}, "9": {"name": "Wegmans Frosted Flakes Cereal", "price": "$1.99 /ea", "price_per_ounce": "13.5 oz ($0.15/oz)", "image": "https://shop.wegmans.com/cdn-cgi/image/dpr=1,f=auto,q=80,h=200,w=200/https://d2d8wwwkmhfcva.cloudfront.net/800x/filters:fill(FFF,true):format(jpg)/d2lnr5mha7bycj.cloudfront.net/product-image/file/large_a468e511-c3d2-4b58-baef-cc585fd8df4f.jpg"}, "10": {"name": "Wegmans Corn Squares Cereal", "price": "$2.49 /ea", "price_per_ounce": "12 oz ($0.21/oz)", "image": "https://shop.wegmans.com/cdn-cgi/image/dpr=1,f=auto,q=80,h=200,w=200/https://d2d8wwwkmhfcva.cloudfront.net/800x/filters:fill(FFF,true):format(jpg)/d2lnr5mha7bycj.cloudfront.net/product-image/file/large_6deeafac-6b9d-46da-8f1c-698fc4ad7d0f.jpg"}, "11": {"name": "Wegmans Crispy Rice Cereal", "price": "$1.99 /ea", "price_per_ounce": "12 oz ($0.17/oz)", "image": "https://shop.wegmans.com/cdn-cgi/image/dpr=1,f=auto,q=80,h=200,w=200/https://d2d8wwwkmhfcva.cloudfront.net/800x/filters:fill(FFF,true):format(jpg)/d2lnr5mha7bycj.cloudfront.net/product-image/file/large_c40b8cd8-0c0b-4c46-aef3-86ef9eeacd7e.jpg"}}, "All-purpose flour": {"0": {"name": "Wegmans All Purpose Unbleached Flour", "price": "$2.39 /ea", "price_per_ounce": "5 lb ($0.48/lb)", "image": "https://shop.wegmans.com/cdn-cgi/image/dpr=1,f=auto,q=80,h=200,w=200/https://d2d8wwwkmhfcva.cloudfront.net/800x/filters:fill(FFF,true):format(jpg)/d2lnr5mha7bycj.cloudfront.net/product-image/file/large_5e95f13d-1b7a-4124-873e-f1b20ae9ff52.jpg"}, "1": {"name": "King Arthur Baking Company All-Purpose Flour, Unbleached", "price": "$5.29 /ea", "price_per_ounce": "5 lb ($1.06/lb)", "image": "https://shop.wegmans.com/cdn-cgi/image/dpr=1,f=auto,q=80,h=200,w=200/https://d2d8wwwkmhfcva.cloudfront.net/800x/filters:fill(FFF,true):format(jpg)/d2lnr5mha7bycj.cloudfront.net/product-image/file/large_2b18f85c-08a5-4f7f-9d4d-a051dce37280.jpg"}, "2": {"name": "Wegmans Enriched Unbleached All Purpose Flour", "price": "$3.69 /ea", "price_per_ounce": "5 lb ($0.74/lb)", "image": "https://shop.wegmans.com/cdn-cgi/image/dpr=1,f=auto,q=80,h=200,w=200/https://d2d8wwwkmhfcva.cloudfront.net/800x/filters:fill(FFF,true):format(jpg)/d2lnr5mha7bycj.cloudfront.net/product-image/file/large_62d48432-11aa-4279-8d89-db2c27d1625e.jpg"}, "3": {"name": "Gold Medal All Purpose Flour", "price": "$4.29 /ea", "price_per_ounce": "5 lb ($0.86/lb)", "image": "https://shop.wegmans.com/cdn-cgi/image/dpr=1,f=auto,q=80,h=200,w=200/https://d2d8wwwkmhfcva.cloudfront.net/800x/filters:fill(FFF,true):format(jpg)/d2lnr5mha7bycj.cloudfront.net/product-image/file/large_b7009b2c-14c8-4092-9097-33620581a8e0.jpg"}, "4": {"name": "Wegmans All Purpose Unbleached Flour", "price": "$2.39 /ea", "price_per_ounce": "5 lb ($0.48/lb)", "image": "https://shop.wegmans.com/cdn-cgi/image/dpr=1,f=auto,q=80,h=200,w=200/https://d2d8wwwkmhfcva.cloudfront.net/800x/filters:fill(FFF,true):format(jpg)/d2lnr5mha7bycj.cloudfront.net/product-image/file/large_5e95f13d-1b7a-4124-873e-f1b20ae9ff52.jpg"}, "5": {"name": "King Arthur Baking Company All-Purpose Flour, Unbleached", "price": "$5.29 /ea", "price_per_ounce": "5 lb ($1.06/lb)", "image": "https://shop.wegmans.com/cdn-cgi/image/dpr=1,f=auto,q=80,h=200,w=200/https://d2d8wwwkmhfcva.cloudfront.net/800x/filters:fill(FFF,true):format(jpg)/d2lnr5mha7bycj.cloudfront.net/product-image/file/large_2b18f85c-08a5-4f7f-9d4d-a051dce37280.jpg"}, "6": {"name": "Wegmans Enriched Unbleached All Purpose Flour", "price": "$3.69 /ea", "price_per_ounce": "5 lb ($0.74/lb)", "image": "https://shop.wegmans.com/cdn-cgi/image/dpr=1,f=auto,q=80,h=200,w=200/https://d2d8wwwkmhfcva.cloudfront.net/800x/filters:fill(FFF,true):format(jpg)/d2lnr5mha7bycj.cloudfront.net/product-image/file/large_62d48432-11aa-4279-8d89-db2c27d1625e.jpg"}, "7": {"name": "Gold Medal All Purpose Flour", "price": "$4.29 /ea", "price_per_ounce": "5 lb ($0.86/lb)", "image": "https://shop.wegmans.com/cdn-cgi/image/dpr=1,f=auto,q=80,h=200,w=200/https://d2d8wwwkmhfcva.cloudfront.net/800x/filters:fill(FFF,true):format(jpg)/d2lnr5mha7bycj.cloudfront.net/product-image/file/large_b7009b2c-14c8-4092-9097-33620581a8e0.jpg"}, "8": {"name": "Wegmans All Purpose Unbleached Flour", "price": "$2.39 /ea", "price_per_ounce": "5 lb ($0.48/lb)", "image": "https://shop.wegmans.com/cdn-cgi/image/dpr=1,f=auto,q=80,h=200,w=200/https://d2d8wwwkmhfcva.cloudfront.net/800x/filters:fill(FFF,true):format(jpg)/d2lnr5mha7bycj.cloudfront.net/product-image/file/large_5e95f13d-1b7a-4124-873e-f1b20ae9ff52.jpg"}, "9": {"name": "King Arthur Baking Company All-Purpose Flour, Unbleached", "price": "$5.29 /ea", "price_per_ounce": "5 lb ($1.06/lb)", "image": "https://shop.wegmans.com/cdn-cgi/image/dpr=1,f=auto,q=80,h=200,w=200/https://d2d8wwwkmhfcva.cloudfront.net/800x/filters:fill(FFF,true):format(jpg)/d2lnr5mha7bycj.cloudfront.net/product-image/file/large_2b18f85c-08a5-4f7f-9d4d-a051dce37280.jpg"}, "10": {"name": "Wegmans Enriched Unbleached All Purpose Flour", "price": "$3.69 /ea", "price_per_ounce": "5 lb ($0.74/lb)", "image": "https://shop.wegmans.com/cdn-cgi/image/dpr=1,f=auto,q=80,h=200,w=200/https://d2d8wwwkmhfcva.cloudfront.net/800x/filters:fill(FFF,true):format(jpg)/d2lnr5mha7bycj.cloudfront.net/product-image/file/large_62d48432-11aa-4279-8d89-db2c27d1625e.jpg"}, "11": {"name": "Gold Medal All Purpose Flour", "price": "$4.29 /ea", "price_per_ounce": "5 lb ($0.86/lb)", "image": "https://shop.wegmans.com/cdn-cgi/image/dpr=1,f=auto,q=80,h=200,w=200/https://d2d8wwwkmhfcva.cloudfront.net/800x/filters:fill(FFF,true):format(jpg)/d2lnr5mha7bycj.cloudfront.net/product-image/file/large_b7009b2c-14c8-4092-9097-33620581a8e0.jpg"}}, "Granulated white sugar": {"0": {"name": "Wegmans White Granulated Sugar", "price": "$2.99 /ea", "price_per_ounce": "4 lb ($0.75/lb)", "image": "https://shop.wegmans.com/cdn-cgi/image/dpr=1,f=auto,q=80,h=200,w=200/https://d2d8wwwkmhfcva.cloudfront.net/800x/filters:fill(FFF,true):format(jpg)/d2lnr5mha7bycj.cloudfront.net/product-image/file/large_d9a560e0-4e13-48a3-95c6-fc5bb9403207.jpg"}, "1": {"name": "Wegmans Organic Sugar, Pure Cane Granulated", "price": "$3.29 /ea", "price_per_ounce": "32 oz ($0.10/oz)", "image": "https://shop.wegmans.com/cdn-cgi/image/dpr=1,f=auto,q=80,h=200,w=200/https://d2d8wwwkmhfcva.cloudfront.net/800x/filters:fill(FFF,true):format(jpg)/d2lnr5mha7bycj.cloudfront.net/product-image/file/large_2e058b61-77f5-4838-89f0-26cbb24c4c19.jpg"}, "2": {"name": "Wegmans Organic Sugar, Pure Cane, Powdered", "price": "$3.19 /ea", "price_per_ounce": "16 oz ($0.20/oz)", "image": "https://shop.wegmans.com/cdn-cgi/image/dpr=1,f=auto,q=80,h=200,w=200/https://d2d8wwwkmhfcva.cloudfront.net/800x/filters:fill(FFF,true):format(jpg)/d2lnr5mha7bycj.cloudfront.net/product-image/file/large_a3d58015-0abb-491f-a96b-c4878823bf42.jpg"}, "3": {"name": "Wegmans Confectioners' 10-X Powdered Sugar", "price": "$1.99 /ea", "price_per_ounce": "32 oz ($0.06/oz)", "image": "https://shop.wegmans.com/cdn-cgi/image/dpr=1,f=auto,q=80,h=200,w=200/https://d2d8wwwkmhfcva.cloudfront.net/800x/filters:fill(FFF,true):format(jpg)/d2lnr5mha7bycj.cloudfront.net/product-image/file/large_b259b254-b110-4ba8-8de1-7f36c5058e24.jpg"}, "4": {"name": "Wegmans White Granulated Sugar", "price": "$2.99 /ea", "price_per_ounce": "4 lb ($0.75/lb)", "image": "https://shop.wegmans.com/cdn-cgi/image/dpr=1,f=auto,q=80,h=200,w=200/https://d2d8wwwkmhfcva.cloudfront.net/800x/filters:fill(FFF,true):format(jpg)/d2lnr5mha7bycj.cloudfront.net/product-image/file/large_d9a560e0-4e13-48a3-95c6-fc5bb9403207.jpg"}, "5": {"name": "Wegmans Organic Sugar, Pure Cane Granulated", "price": "$3.29 /ea", "price_per_ounce": "32 oz ($0.10/oz)", "image": "https://shop.wegmans.com/cdn-cgi/image/dpr=1,f=auto,q=80,h=200,w=200/https://d2d8wwwkmhfcva.cloudfront.net/800x/filters:fill(FFF,true):format(jpg)/d2lnr5mha7bycj.cloudfront.net/product-image/file/large_2e058b61-77f5-4838-89f0-26cbb24c4c19.jpg"}, "6": {"name": "Wegmans Organic Sugar, Pure Cane, Powdered", "price": "$3.19 /ea", "price_per_ounce": "16 oz ($0.20/oz)", "image": "https://shop.wegmans.com/cdn-cgi/image/dpr=1,f=auto,q=80,h=200,w=200/https://d2d8wwwkmhfcva.cloudfront.net/800x/filters:fill(FFF,true):format(jpg)/d2lnr5mha7bycj.cloudfront.net/product-image/file/large_a3d58015-0abb-491f-a96b-c4878823bf42.jpg"}, "7": {"name": "Wegmans Confectioners' 10-X Powdered Sugar", "price": "$1.99 /ea", "price_per_ounce": "32 oz ($0.06/oz)", "image": "https://shop.wegmans.com/cdn-cgi/image/dpr=1,f=auto,q=80,h=200,w=200/https://d2d8wwwkmhfcva.cloudfront.net/800x/filters:fill(FFF,true):format(jpg)/d2lnr5mha7bycj.cloudfront.net/product-image/file/large_b259b254-b110-4ba8-8de1-7f36c5058e24.jpg"}, "8": {"name": "Wegmans White Granulated Sugar", "price": "$2.99 /ea", "price_per_ounce": "4 lb ($0.75/lb)", "image": "https://shop.wegmans.com/cdn-cgi/image/dpr=1,f=auto,q=80,h=200,w=200/https://d2d8wwwkmhfcva.cloudfront.net/800x/filters:fill(FFF,true):format(jpg)/d2lnr5mha7bycj.cloudfront.net/product-image/file/large_d9a560e0-4e13-48a3-95c6-fc5bb9403207.jpg"}, "9": {"name": "Wegmans Organic Sugar, Pure Cane Granulated", "price": "$3.29 /ea", "price_per_ounce": "32 oz ($0.10/oz)", "image": "https://shop.wegmans.com/cdn-cgi/image/dpr=1,f=auto,q=80,h=200,w=200/https://d2d8wwwkmhfcva.cloudfront.net/800x/filters:fill(FFF,true):format(jpg)/d2lnr5mha7bycj.cloudfront.net/product-image/file/large_2e058b61-77f5-4838-89f0-26cbb24c4c19.jpg"}, "10": {"name": "Wegmans Organic Sugar, Pure Cane, Powdered", "price": "$3.19 /ea", "price_per_ounce": "16 oz ($0.20/oz)", "image": "https://shop.wegmans.com/cdn-cgi/image/dpr=1,f=auto,q=80,h=200,w=200/https://d2d8wwwkmhfcva.cloudfront.net/800x/filters:fill(FFF,true):format(jpg)/d2lnr5mha7bycj.cloudfront.net/product-image/file/large_a3d58015-0abb-491f-a96b-c4878823bf42.jpg"}, "11": {"name": "Wegmans Confectioners' 10-X Powdered Sugar", "price": "$1.99 /ea", "price_per_ounce": "32 oz ($0.06/oz)", "image": "https://shop.wegmans.com/cdn-cgi/image/dpr=1,f=auto,q=80,h=200,w=200/https://d2d8wwwkmhfcva.cloudfront.net/800x/filters:fill(FFF,true):format(jpg)/d2lnr5mha7bycj.cloudfront.net/product-image/file/large_b259b254-b110-4ba8-8de1-7f36c5058e24.jpg"}}, "Table salt": {"0": {"name": "Morton Salt, Iodized", "price": "$1.49 /ea", "price_per_ounce": "26 oz ($0.06/oz)", "image": "https://shop.wegmans.com/cdn-cgi/image/dpr=1,f=auto,q=80,h=200,w=200/https://d2d8wwwkmhfcva.cloudfront.net/800x/filters:fill(FFF,true):format(jpg)/d2lnr5mha7bycj.cloudfront.net/product-image/file/large_01639ac1-9cb5-4aff-b778-7e44ebf70426.jpg"}, "1": {"name": "Wegmans Iodized Salt", "price": "$0.69 /ea", "price_per_ounce": "26 oz ($0.03/oz)", "image": "https://shop.wegmans.com/cdn-cgi/image/dpr=1,f=auto,q=80,h=200,w=200/https://d2d8wwwkmhfcva.cloudfront.net/800x/filters:fill(FFF,true):format(jpg)/d2lnr5mha7bycj.cloudfront.net/product-image/file/large_a61ffe1f-ab18-4088-897c-0f537e306d8a.jpg"}, "2": {"name": "Morton Salt", "price": "$1.49 /ea", "price_per_ounce": "26 oz ($0.06/oz)", "image": "https://shop.wegmans.com/cdn-cgi/image/dpr=1,f=auto,q=80,h=200,w=200/https://d2d8wwwkmhfcva.cloudfront.net/800x/filters:fill(FFF,true):format(jpg)/d2lnr5mha7bycj.cloudfront.net/product-image/file/large_1579ab57-1cc3-4ab8-909c-7212bfe5ab9a.jpg"}, "3": {"name": "Wegmans Salt", "price": "$0.69 /ea", "price_per_ounce": "26 oz ($0.03/oz)", "image": "https://shop.wegmans.com/cdn-cgi/image/dpr=1,f=auto,q=80,h=200,w=200/https://d2d8wwwkmhfcva.cloudfront.net/800x/filters:fill(FFF,true):format(jpg)/d2lnr5mha7bycj.cloudfront.net/product-image/file/large_2321505d-b55a-4637-a62f-bc6971b7d31a.jpg"}, "4": {"name": "Morton Salt, Iodized", "price": "$1.49 /ea", "price_per_ounce": "26 oz ($0.06/oz)", "image": "https://shop.wegmans.com/cdn-cgi/image/dpr=1,f=auto,q=80,h=200,w=200/https://d2d8wwwkmhfcva.cloudfront.net/800x/filters:fill(FFF,true):format(jpg)/d2lnr5mha7bycj.cloudfront.net/product-image/file/large_01639ac1-9cb5-4aff-b778-7e44ebf70426.jpg"}, "5": {"name": "Wegmans Iodized Salt", "price": "$0.69 /ea", "price_per_ounce": "26 oz ($0.03/oz)", "image": "https://shop.wegmans.com/cdn-cgi/image/dpr=1,f=auto,q=80,h=200,w=200/https://d2d8wwwkmhfcva.cloudfront.net/800x/filters:fill(FFF,true):format(jpg)/d2lnr5mha7bycj.cloudfront.net/product-image/file/large_a61ffe1f-ab18-4088-897c-0f537e306d8a.jpg"}, "6": {"name": "Morton Salt", "price": "$1.49 /ea", "price_per_ounce": "26 oz ($0.06/oz)", "image": "https://shop.wegmans.com/cdn-cgi/image/dpr=1,f=auto,q=80,h=200,w=200/https://d2d8wwwkmhfcva.cloudfront.net/800x/filters:fill(FFF,true):format(jpg)/d2lnr5mha7bycj.cloudfront.net/product-image/file/large_1579ab57-1cc3-4ab8-909c-7212bfe5ab9a.jpg"}, "7": {"name": "Wegmans Salt", "price": "$0.69 /ea", "price_per_ounce": "26 oz ($0.03/oz)", "image": "https://shop.wegmans.com/cdn-cgi/image/dpr=1,f=auto,q=80,h=200,w=200/https://d2d8wwwkmhfcva.cloudfront.net/800x/filters:fill(FFF,true):format(jpg)/d2lnr5mha7bycj.cloudfront.net/product-image/file/large_2321505d-b55a-4637-a62f-bc6971b7d31a.jpg"}, "8": {"name": "Morton Salt, Iodized", "price": "$1.49 /ea", "price_per_ounce": "26 oz ($0.06/oz)", "image": "https://shop.wegmans.com/cdn-cgi/image/dpr=1,f=auto,q=80,h=200,w=200/https://d2d8wwwkmhfcva.cloudfront.net/800x/filters:fill(FFF,true):format(jpg)/d2lnr5mha7bycj.cloudfront.net/product-image/file/large_01639ac1-9cb5-4aff-b778-7e44ebf70426.jpg"}, "9": {"name": "Wegmans Iodized Salt", "price": "$0.69 /ea", "price_per_ounce": "26 oz ($0.03/oz)", "image": "https://shop.wegmans.com/cdn-cgi/image/dpr=1,f=auto,q=80,h=200,w=200/https://d2d8wwwkmhfcva.cloudfront.net/800x/filters:fill(FFF,true):format(jpg)/d2lnr5mha7bycj.cloudfront.net/product-image/file/large_a61ffe1f-ab18-4088-897c-0f537e306d8a.jpg"}, "10": {"name": "Morton Salt", "price": "$1.49 /ea", "price_per_ounce": "26 oz ($0.06/oz)", "image": "https://shop.wegmans.com/cdn-cgi/image/dpr=1,f=auto,q=80,h=200,w=200/https://d2d8wwwkmhfcva.cloudfront.net/800x/filters:fill(FFF,true):format(jpg)/d2lnr5mha7bycj.cloudfront.net/product-image/file/large_1579ab57-1cc3-4ab8-909c-7212bfe5ab9a.jpg"}, "11": {"name": "Wegmans Salt", "price": "$0.69 /ea", "price_per_ounce": "26 oz ($0.03/oz)", "image": "https://shop.wegmans.com/cdn-cgi/image/dpr=1,f=auto,q=80,h=200,w=200/https://d2d8wwwkmhfcva.cloudfront.net/800x/filters:fill(FFF,true):format(jpg)/d2lnr5mha7bycj.cloudfront.net/product-image/file/large_2321505d-b55a-4637-a62f-bc6971b7d31a.jpg"}}, "Ground black pepper": {"0": {"name": "Wegmans Pure Ground Black Pepper", "price": "$3.29 /ea", "price_per_ounce": "3 oz ($1.10/oz)", "image": "https://shop.wegmans.com/cdn-cgi/image/dpr=1,f=auto,q=80,h=200,w=200/https://d2d8wwwkmhfcva.cloudfront.net/800x/filters:fill(FFF,true):format(jpg)/d2lnr5mha7bycj.cloudfront.net/product-image/file/large_4b74751c-6113-4f9c-b83a-b5ea84400aca.jpg"}, "1": {"name": "Wegmans Black Pepper, Pure Ground", "price": "$1.99 /ea", "price_per_ounce": "1.5 oz ($1.33/oz)", "image": "https://shop.wegmans.com/cdn-cgi/image/dpr=1,f=auto,q=80,h=200,w=200/https://d2d8wwwkmhfcva.cloudfront.net/800x/filters:fill(FFF,true):format(jpg)/d2lnr5mha7bycj.cloudfront.net/product-image/file/large_60340ef5-a5cc-4e77-9e45-f53b589e9965.jpg"}, "2": {"name": "Wegmans Organic Ground Black Pepper", "price": "$3.99 /ea", "price_per_ounce": "3 oz ($1.33/oz)", "image": "https://shop.wegmans.com/cdn-cgi/image/dpr=1,f=auto,q=80,h=200,w=200/https://d2d8wwwkmhfcva.cloudfront.net/800x/filters:fill(FFF,true):format(jpg)/d2lnr5mha7bycj.cloudfront.net/product-image/file/large_84bb8b82-1b31-4c27-9ea5-d6bc136ccebb.jpg"}, "3": {"name": "Wegmans Tellicherry Black Pepper Grinder", "price": "$5.99 /ea", "price_per_ounce": "4.9 oz ($1.22/oz)", "image": "https://shop.wegmans.com/cdn-cgi/image/dpr=1,f=auto,q=80,h=200,w=200/https://d2d8wwwkmhfcva.cloudfront.net/800x/filters:fill(FFF,true):format(jpg)/d2lnr5mha7bycj.cloudfront.net/product-image/file/large_17f6607a-4ccd-4531-b999-ab5a325e276a.jpg"}, "4": {"name": "Wegmans Pure Ground Black Pepper", "price": "$3.29 /ea", "price_per_ounce": "3 oz ($1.10/oz)", "image": "https://shop.wegmans.com/cdn-cgi/image/dpr=1,f=auto,q=80,h=200,w=200/https://d2d8wwwkmhfcva.cloudfront.net/800x/filters:fill(FFF,true):format(jpg)/d2lnr5mha7bycj.cloudfront.net/product-image/file/large_4b74751c-6113-4f9c-b83a-b5ea84400aca.jpg"}, "5": {"name": "Wegmans Black Pepper, Pure Ground", "price": "$1.99 /ea", "price_per_ounce": "1.5 oz ($1.33/oz)", "image": "https://shop.wegmans.com/cdn-cgi/image/dpr=1,f=auto,q=80,h=200,w=200/https://d2d8wwwkmhfcva.cloudfront.net/800x/filters:fill(FFF,true):format(jpg)/d2lnr5mha7bycj.cloudfront.net/product-image/file/large_60340ef5-a5cc-4e77-9e45-f53b589e9965.jpg"}, "6": {"name": "Wegmans Organic Ground Black Pepper", "price": "$3.99 /ea", "price_per_ounce": "3 oz ($1.33/oz)", "image": "https://shop.wegmans.com/cdn-cgi/image/dpr=1,f=auto,q=80,h=200,w=200/https://d2d8wwwkmhfcva.cloudfront.net/800x/filters:fill(FFF,true):format(jpg)/d2lnr5mha7bycj.cloudfront.net/product-image/file/large_84bb8b82-1b31-4c27-9ea5-d6bc136ccebb.jpg"}, "7": {"name": "Wegmans Tellicherry Black Pepper Grinder", "price": "$5.99 /ea", "price_per_ounce": "4.9 oz ($1.22/oz)", "image": "https://shop.wegmans.com/cdn-cgi/image/dpr=1,f=auto,q=80,h=200,w=200/https://d2d8wwwkmhfcva.cloudfront.net/800x/filters:fill(FFF,true):format(jpg)/d2lnr5mha7bycj.cloudfront.net/product-image/file/large_17f6607a-4ccd-4531-b999-ab5a325e276a.jpg"}, "8": {"name": "Wegmans Pure Ground Black Pepper", "price": "$3.29 /ea", "price_per_ounce": "3 oz ($1.10/oz)", "image": "https://shop.wegmans.com/cdn-cgi/image/dpr=1,f=auto,q=80,h=200,w=200/https://d2d8wwwkmhfcva.cloudfront.net/800x/filters:fill(FFF,true):format(jpg)/d2lnr5mha7bycj.cloudfront.net/product-image/file/large_4b74751c-6113-4f9c-b83a-b5ea84400aca.jpg"}, "9": {"name": "Wegmans Black Pepper, Pure Ground", "price": "$1.99 /ea", "price_per_ounce": "1.5 oz ($1.33/oz)", "image": "https://shop.wegmans.com/cdn-cgi/image/dpr=1,f=auto,q=80,h=200,w=200/https://d2d8wwwkmhfcva.cloudfront.net/800x/filters:fill(FFF,true):format(jpg)/d2lnr5mha7bycj.cloudfront.net/product-image/file/large_60340ef5-a5cc-4e77-9e45-f53b589e9965.jpg"}, "10": {"name": "Wegmans Organic Ground Black Pepper", "price": "$3.99 /ea", "price_per_ounce": "3 oz ($1.33/oz)", "image": "https://shop.wegmans.com/cdn-cgi/image/dpr=1,f=auto,q=80,h=200,w=200/https://d2d8wwwkmhfcva.cloudfront.net/800x/filters:fill(FFF,true):format(jpg)/d2lnr5mha7bycj.cloudfront.net/product-image/file/large_84bb8b82-1b31-4c27-9ea5-d6bc136ccebb.jpg"}, "11": {"name": "Wegmans Tellicherry Black Pepper Grinder", "price": "$5.99 /ea", "price_per_ounce": "4.9 oz ($1.22/oz)", "image": "https://shop.wegmans.com/cdn-cgi/image/dpr=1,f=auto,q=80,h=200,w=200/https://d2d8wwwkmhfcva.cloudfront.net/800x/filters:fill(FFF,true):format(jpg)/d2lnr5mha7bycj.cloudfront.net/product-image/file/large_17f6607a-4ccd-4531-b999-ab5a325e276a.jpg"}}, "Salted butter": {"0": {"name": "Wegmans Salted Sweet Cream Butter Quarters", "price": "$3.49 /ea", "price_per_ounce": "1 lb ($3.49/lb)", "image": "https://shop.wegmans.com/cdn-cgi/image/dpr=1,f=auto,q=80,h=200,w=200/https://d2d8wwwkmhfcva.cloudfront.net/800x/filters:fill(FFF,true):format(jpg)/d2lnr5mha7bycj.cloudfront.net/product-image/file/large_31f6ee50-d378-4cb9-bd2d-ce5373ea19da.jpg"}, "1": {"name": "Wegmans Organic Salted Butter, 4 Sticks", "price": "$5.99 /ea", "price_per_ounce": "16 oz ($0.37/oz)", "image": "https://shop.wegmans.com/cdn-cgi/image/dpr=1,f=auto,q=80,h=200,w=200/https://d2d8wwwkmhfcva.cloudfront.net/800x/filters:fill(FFF,true):format(jpg)/d2lnr5mha7bycj.cloudfront.net/product-image/file/large_98298780-cbd1-48e5-a3e5-47fb85b9fd97.jpg"}, "2": {"name": "Wegmans Whipped Salted Sweet Cream Butter Tub", "price": "$2.99 /ea", "price_per_ounce": "8 oz ($0.37/oz)", "image": "https://shop.wegmans.com/cdn-cgi/image/dpr=1,f=auto,q=80,h=200,w=200/https://d2d8wwwkmhfcva.cloudfront.net/800x/filters:fill(FFF,true):format(jpg)/d2lnr5mha7bycj.cloudfront.net/product-image/file/large_04c103b5-49ee-4420-a9f0-9bf4727c9eea.jpg"}, "3": {"name": "Land O Lakes Butter, Salted", "price": "$5.99 /ea", "price_per_ounce": "1 lb ($5.99/lb)", "image": "https://shop.wegmans.com/cdn-cgi/image/dpr=1,f=auto,q=80,h=200,w=200/https://d2d8wwwkmhfcva.cloudfront.net/800x/filters:fill(FFF,true):format(jpg)/d2lnr5mha7bycj.cloudfront.net/product-image/file/large_5f1069df-53af-4943-8bc9-be922219eb35.jpg"}, "4": {"name": "Wegmans Salted Sweet Cream Butter Quarters", "price": "$3.49 /ea", "price_per_ounce": "1 lb ($3.49/lb)", "image": "https://shop.wegmans.com/cdn-cgi/image/dpr=1,f=auto,q=80,h=200,w=200/https://d2d8wwwkmhfcva.cloudfront.net/800x/filters:fill(FFF,true):format(jpg)/d2lnr5mha7bycj.cloudfront.net/product-image/file/large_31f6ee50-d378-4cb9-bd2d-ce5373ea19da.jpg"}, "5": {"name": "Wegmans Organic Salted Butter, 4 Sticks", "price": "$5.99 /ea", "price_per_ounce": "16 oz ($0.37/oz)", "image": "https://shop.wegmans.com/cdn-cgi/image/dpr=1,f=auto,q=80,h=200,w=200/https://d2d8wwwkmhfcva.cloudfront.net/800x/filters:fill(FFF,true):format(jpg)/d2lnr5mha7bycj.cloudfront.net/product-image/file/large_98298780-cbd1-48e5-a3e5-47fb85b9fd97.jpg"}, "6": {"name": "Wegmans Whipped Salted Sweet Cream Butter Tub", "price": "$2.99 /ea", "price_per_ounce": "8 oz ($0.37/oz)", "image": "https://shop.wegmans.com/cdn-cgi/image/dpr=1,f=auto,q=80,h=200,w=200/https://d2d8wwwkmhfcva.cloudfront.net/800x/filters:fill(FFF,true):format(jpg)/d2lnr5mha7bycj.cloudfront.net/product-image/file/large_04c103b5-49ee-4420-a9f0-9bf4727c9eea.jpg"}, "7": {"name": "Land O Lakes Butter, Salted", "price": "$5.99 /ea", "price_per_ounce": "1 lb ($5.99/lb)", "image": "https://shop.wegmans.com/cdn-cgi/image/dpr=1,f=auto,q=80,h=200,w=200/https://d2d8wwwkmhfcva.cloudfront.net/800x/filters:fill(FFF,true):format(jpg)/d2lnr5mha7bycj.cloudfront.net/product-image/file/large_5f1069df-53af-4943-8bc9-be922219eb35.jpg"}, "8": {"name": "Wegmans Salted Sweet Cream Butter Quarters", "price": "$3.49 /ea", "price_per_ounce": "1 lb ($3.49/lb)", "image": "https://shop.wegmans.com/cdn-cgi/image/dpr=1,f=auto,q=80,h=200,w=200/https://d2d8wwwkmhfcva.cloudfront.net/800x/filters:fill(FFF,true):format(jpg)/d2lnr5mha7bycj.cloudfront.net/product-image/file/large_31f6ee50-d378-4cb9-bd2d-ce5373ea19da.jpg"}, "9": {"name": "Wegmans Organic Salted Butter, 4 Sticks", "price": "$5.99 /ea", "price_per_ounce": "16 oz ($0.37/oz)", "image": "https://shop.wegmans.com/cdn-cgi/image/dpr=1,f=auto,q=80,h=200,w=200/https://d2d8wwwkmhfcva.cloudfront.net/800x/filters:fill(FFF,true):format(jpg)/d2lnr5mha7bycj.cloudfront.net/product-image/file/large_98298780-cbd1-48e5-a3e5-47fb85b9fd97.jpg"}, "10": {"name": "Wegmans Whipped Salted Sweet Cream Butter Tub", "price": "$2.99 /ea", "price_per_ounce": "8 oz ($0.37/oz)", "image": "https://shop.wegmans.com/cdn-cgi/image/dpr=1,f=auto,q=80,h=200,w=200/https://d2d8wwwkmhfcva.cloudfront.net/800x/filters:fill(FFF,true):format(jpg)/d2lnr5mha7bycj.cloudfront.net/product-image/file/large_04c103b5-49ee-4420-a9f0-9bf4727c9eea.jpg"}, "11": {"name": "Land O Lakes Butter, Salted", "price": "$5.99 /ea", "price_per_ounce": "1 lb ($5.99/lb)", "image": "https://shop.wegmans.com/cdn-cgi/image/dpr=1,f=auto,q=80,h=200,w=200/https://d2d8wwwkmhfcva.cloudfront.net/800x/filters:fill(FFF,true):format(jpg)/d2lnr5mha7bycj.cloudfront.net/product-image/file/large_5f1069df-53af-4943-8bc9-be922219eb35.jpg"}}, "Mild cheddar cheese": {"0": {"name": "Wegmans Sliced Extra Sharp Cheddar Cheese, FAMILY PACK", "price": "$9.99 /ea", "price_per_ounce": "32 oz ($0.31/oz)", "image": "https://shop.wegmans.com/cdn-cgi/image/dpr=1,f=auto,q=80,h=200,w=200/https://d2d8wwwkmhfcva.cloudfront.net/800x/filters:fill(FFF,true):format(jpg)/d2lnr5mha7bycj.cloudfront.net/product-image/file/large_5d095582-9834-4662-80c6-214a7fc8233d.jpg"}, "1": {"name": "Wegmans Mild Cheddar Fancy Shredded Cheese", "price": "$2.29 /ea", "price_per_ounce": "8 oz ($0.29/oz)", "image": "https://shop.wegmans.com/cdn-cgi/image/dpr=1,f=auto,q=80,h=200,w=200/https://d2d8wwwkmhfcva.cloudfront.net/800x/filters:fill(FFF,true):format(jpg)/d2lnr5mha7bycj.cloudfront.net/product-image/file/large_20dd1686-877a-4dfe-ac68-a3277d9d7e70.jpg"}, "2": {"name": "Wegmans Extra Thin Sliced Mild Cheddar Cheese, 20 Slices", "price": "$2.39 /ea", "price_per_ounce": "7.6 oz ($0.31/oz)", "image": "https://shop.wegmans.com/cdn-cgi/image/dpr=1,f=auto,q=80,h=200,w=200/https://d2d8wwwkmhfcva.cloudfront.net/800x/filters:fill(FFF,true):format(jpg)/d2lnr5mha7bycj.cloudfront.net/product-image/file/large_80a837ef-4943-40d4-8fd9-e366a414b831.jpg"}, "3": {"name": "Wegmans 12 Month Aged Cheddar Cheese- Mild (Avg. 0.67lb)", "price": "$5.35 /ea", "price_per_ounce": "$7.99/lb", "image": "https://shop.wegmans.com/cdn-cgi/image/dpr=1,f=auto,q=80,h=200,w=200/https://d2d8wwwkmhfcva.cloudfront.net/800x/filters:fill(FFF,true):format(jpg)/d2lnr5mha7bycj.cloudfront.net/product-image/file/large_dec373bd-a9ea-42cd-ba98-9adb326d649a.jpg"}, "4": {"name": "Wegmans Sliced Extra Sharp Cheddar Cheese, FAMILY PACK", "price": "$9.99 /ea", "price_per_ounce": "32 oz ($0.31/oz)", "image": "https://shop.wegmans.com/cdn-cgi/image/dpr=1,f=auto,q=80,h=200,w=200/https://d2d8wwwkmhfcva.cloudfront.net/800x/filters:fill(FFF,true):format(jpg)/d2lnr5mha7bycj.cloudfront.net/product-image/file/large_5d095582-9834-4662-80c6-214a7fc8233d.jpg"}, "5": {"name": "Wegmans Mild Cheddar Fancy Shredded Cheese", "price": "$2.29 /ea", "price_per_ounce": "8 oz ($0.29/oz)", "image": "https://shop.wegmans.com/cdn-cgi/image/dpr=1,f=auto,q=80,h=200,w=200/https://d2d8wwwkmhfcva.cloudfront.net/800x/filters:fill(FFF,true):format(jpg)/d2lnr5mha7bycj.cloudfront.net/product-image/file/large_20dd1686-877a-4dfe-ac68-a3277d9d7e70.jpg"}, "6": {"name": "Wegmans Extra Thin Sliced Mild Cheddar Cheese, 20 Slices", "price": "$2.39 /ea", "price_per_ounce": "7.6 oz ($0.31/oz)", "image": "https://shop.wegmans.com/cdn-cgi/image/dpr=1,f=auto,q=80,h=200,w=200/https://d2d8wwwkmhfcva.cloudfront.net/800x/filters:fill(FFF,true):format(jpg)/d2lnr5mha7bycj.cloudfront.net/product-image/file/large_80a837ef-4943-40d4-8fd9-e366a414b831.jpg"}, "7": {"name": "Wegmans 12 Month Aged Cheddar Cheese- Mild (Avg. 0.67lb)", "price": "$5.35 /ea", "price_per_ounce": "$7.99/lb", "image": "https://shop.wegmans.com/cdn-cgi/image/dpr=1,f=auto,q=80,h=200,w=200/https://d2d8wwwkmhfcva.cloudfront.net/800x/filters:fill(FFF,true):format(jpg)/d2lnr5mha7bycj.cloudfront.net/product-image/file/large_dec373bd-a9ea-42cd-ba98-9adb326d649a.jpg"}, "8": {"name": "Wegmans Sliced Extra Sharp Cheddar Cheese, FAMILY PACK", "price": "$9.99 /ea", "price_per_ounce": "32 oz ($0.31/oz)", "image": "https://shop.wegmans.com/cdn-cgi/image/dpr=1,f=auto,q=80,h=200,w=200/https://d2d8wwwkmhfcva.cloudfront.net/800x/filters:fill(FFF,true):format(jpg)/d2lnr5mha7bycj.cloudfront.net/product-image/file/large_5d095582-9834-4662-80c6-214a7fc8233d.jpg"}, "9": {"name": "Wegmans Mild Cheddar Fancy Shredded Cheese", "price": "$2.29 /ea", "price_per_ounce": "8 oz ($0.29/oz)", "image": "https://shop.wegmans.com/cdn-cgi/image/dpr=1,f=auto,q=80,h=200,w=200/https://d2d8wwwkmhfcva.cloudfront.net/800x/filters:fill(FFF,true):format(jpg)/d2lnr5mha7bycj.cloudfront.net/product-image/file/large_20dd1686-877a-4dfe-ac68-a3277d9d7e70.jpg"}, "10": {"name": "Wegmans Extra Thin Sliced Mild Cheddar Cheese, 20 Slices", "price": "$2.39 /ea", "price_per_ounce": "7.6 oz ($0.31/oz)", "image": "https://shop.wegmans.com/cdn-cgi/image/dpr=1,f=auto,q=80,h=200,w=200/https://d2d8wwwkmhfcva.cloudfront.net/800x/filters:fill(FFF,true):format(jpg)/d2lnr5mha7bycj.cloudfront.net/product-image/file/large_80a837ef-4943-40d4-8fd9-e366a414b831.jpg"}, "11": {"name": "Wegmans 12 Month Aged Cheddar Cheese- Mild (Avg. 0.67lb)", "price": "$5.35 /ea", "price_per_ounce": "$7.99/lb", "image": "https://shop.wegmans.com/cdn-cgi/image/dpr=1,f=auto,q=80,h=200,w=200/https://d2d8wwwkmhfcva.cloudfront.net/800x/filters:fill(FFF,true):format(jpg)/d2lnr5mha7bycj.cloudfront.net/product-image/file/large_dec373bd-a9ea-42cd-ba98-9adb326d649a.jpg"}}, "Vanilla-flavored yogurt": {"0": {"name": "Wegmans Lowfat Blended Vanilla Yogurt", "price": "$0.50 /ea", "price_per_ounce": "6 oz ($0.08/oz)", "image": "https://shop.wegmans.com/cdn-cgi/image/dpr=1,f=auto,q=80,h=200,w=200/https://d2d8wwwkmhfcva.cloudfront.net/800x/filters:fill(FFF,true):format(jpg)/d2lnr5mha7bycj.cloudfront.net/product-image/file/large_d8727dba-3c66-47ec-a657-23ba5c4dbb5c.jpg"}, "1": {"name": "Chobani Yogurt, Greek, Nonfat, Zero Sugar, Vanilla", "price": "$5.99 /ea", "price_per_ounce": "32 oz ($0.19/oz)", "image": "https://shop.wegmans.com/cdn-cgi/image/dpr=1,f=auto,q=80,h=200,w=200/https://d2d8wwwkmhfcva.cloudfront.net/800x/filters:fill(FFF,true):format(jpg)/d2lnr5mha7bycj.cloudfront.net/product-image/file/large_b033b6b6-e38a-41d4-af5a-4d233c88c297.jpg"}, "2": {"name": "Chobani Yogurt, Greek, Nonfat, Zero Sugar, Vanilla", "price": "$4.69 /ea", "price_per_ounce": "4 x 5.3 oz ($1.17/ea)", "image": "https://shop.wegmans.com/cdn-cgi/image/dpr=1,f=auto,q=80,h=200,w=200/https://d2d8wwwkmhfcva.cloudfront.net/800x/filters:fill(FFF,true):format(jpg)/d2lnr5mha7bycj.cloudfront.net/product-image/file/large_ba257e9a-d432-4928-9d7f-151c6df1cefa.jpg"}, "3": {"name": "Chobani Yogurt, Greek, Nonfat, Zero Sugar, Toasted Coconut Vanilla Flavored", "price": "$4.69 /ea", "price_per_ounce": "4 each ($1.17/each)", "image": "https://shop.wegmans.com/cdn-cgi/image/dpr=1,f=auto,q=80,h=200,w=200/https://d2d8wwwkmhfcva.cloudfront.net/800x/filters:fill(FFF,true):format(jpg)/d2lnr5mha7bycj.cloudfront.net/product-image/file/large_aeb86de9-dc4c-4251-ad62-300a1d90908d.jpg"}, "4": {"name": "Wegmans Lowfat Blended Vanilla Yogurt", "price": "$0.50 /ea", "price_per_ounce": "6 oz ($0.08/oz)", "image": "https://shop.wegmans.com/cdn-cgi/image/dpr=1,f=auto,q=80,h=200,w=200/https://d2d8wwwkmhfcva.cloudfront.net/800x/filters:fill(FFF,true):format(jpg)/d2lnr5mha7bycj.cloudfront.net/product-image/file/large_d8727dba-3c66-47ec-a657-23ba5c4dbb5c.jpg"}, "5": {"name": "Chobani Yogurt, Greek, Nonfat, Zero Sugar, Vanilla", "price": "$5.99 /ea", "price_per_ounce": "32 oz ($0.19/oz)", "image": "https://shop.wegmans.com/cdn-cgi/image/dpr=1,f=auto,q=80,h=200,w=200/https://d2d8wwwkmhfcva.cloudfront.net/800x/filters:fill(FFF,true):format(jpg)/d2lnr5mha7bycj.cloudfront.net/product-image/file/large_b033b6b6-e38a-41d4-af5a-4d233c88c297.jpg"}, "6": {"name": "Chobani Yogurt, Greek, Nonfat, Zero Sugar, Vanilla", "price": "$4.69 /ea", "price_per_ounce": "4 x 5.3 oz ($1.17/ea)", "image": "https://shop.wegmans.com/cdn-cgi/image/dpr=1,f=auto,q=80,h=200,w=200/https://d2d8wwwkmhfcva.cloudfront.net/800x/filters:fill(FFF,true):format(jpg)/d2lnr5mha7bycj.cloudfront.net/product-image/file/large_ba257e9a-d432-4928-9d7f-151c6df1cefa.jpg"}, "7": {"name": "Chobani Yogurt, Greek, Nonfat, Zero Sugar, Toasted Coconut Vanilla Flavored", "price": "$4.69 /ea", "price_per_ounce": "4 each ($1.17/each)", "image": "https://shop.wegmans.com/cdn-cgi/image/dpr=1,f=auto,q=80,h=200,w=200/https://d2d8wwwkmhfcva.cloudfront.net/800x/filters:fill(FFF,true):format(jpg)/d2lnr5mha7bycj.cloudfront.net/product-image/file/large_aeb86de9-dc4c-4251-ad62-300a1d90908d.jpg"}, "8": {"name": "Wegmans Lowfat Blended Vanilla Yogurt", "price": "$0.50 /ea", "price_per_ounce": "6 oz ($0.08/oz)", "image": "https://shop.wegmans.com/cdn-cgi/image/dpr=1,f=auto,q=80,h=200,w=200/https://d2d8wwwkmhfcva.cloudfront.net/800x/filters:fill(FFF,true):format(jpg)/d2lnr5mha7bycj.cloudfront.net/product-image/file/large_d8727dba-3c66-47ec-a657-23ba5c4dbb5c.jpg"}, "9": {"name": "Chobani Yogurt, Greek, Nonfat, Zero Sugar, Vanilla", "price": "$5.99 /ea", "price_per_ounce": "32 oz ($0.19/oz)", "image": "https://shop.wegmans.com/cdn-cgi/image/dpr=1,f=auto,q=80,h=200,w=200/https://d2d8wwwkmhfcva.cloudfront.net/800x/filters:fill(FFF,true):format(jpg)/d2lnr5mha7bycj.cloudfront.net/product-image/file/large_b033b6b6-e38a-41d4-af5a-4d233c88c297.jpg"}, "10": {"name": "Chobani Yogurt, Greek, Nonfat, Zero Sugar, Vanilla", "price": "$4.69 /ea", "price_per_ounce": "4 x 5.3 oz ($1.17/ea)", "image": "https://shop.wegmans.com/cdn-cgi/image/dpr=1,f=auto,q=80,h=200,w=200/https://d2d8wwwkmhfcva.cloudfront.net/800x/filters:fill(FFF,true):format(jpg)/d2lnr5mha7bycj.cloudfront.net/product-image/file/large_ba257e9a-d432-4928-9d7f-151c6df1cefa.jpg"}, "11": {"name": "Chobani Yogurt, Greek, Nonfat, Zero Sugar, Toasted Coconut Vanilla Flavored", "price": "$4.69 /ea", "price_per_ounce": "4 each ($1.17/each)", "image": "https://shop.wegmans.com/cdn-cgi/image/dpr=1,f=auto,q=80,h=200,w=200/https://d2d8wwwkmhfcva.cloudfront.net/800x/filters:fill(FFF,true):format(jpg)/d2lnr5mha7bycj.cloudfront.net/product-image/file/large_aeb86de9-dc4c-4251-ad62-300a1d90908d.jpg"}}, "Fresh tomatoes": {"0": {"name": "Beefsteak Tomatoes (Avg. 0.75lb)", "price": "$1.87 /ea", "price_per_ounce": "$2.49/lb", "image": "https://shop.wegmans.com/cdn-cgi/image/dpr=1,f=auto,q=80,h=200,w=200/https://d2d8wwwkmhfcva.cloudfront.net/800x/filters:fill(FFF,true):format(jpg)/d2lnr5mha7bycj.cloudfront.net/product-image/file/large_17460702-8217-4019-b1a8-93593d4b06a3.jpg"}, "1": {"name": "Locally Grown Tomatoes (Avg. 0.48lb)", "price": "$1.20 /ea", "price_per_ounce": "$2.49/lb", "image": "https://shop.wegmans.com/cdn-cgi/image/dpr=1,f=auto,q=80,h=200,w=200/https://d2d8wwwkmhfcva.cloudfront.net/800x/filters:fill(FFF,true):format(jpg)/d2lnr5mha7bycj.cloudfront.net/product-image/file/large_39906d27-681b-48af-8003-4bca4759f659.jpg"}, "2": {"name": "Tomatoes On-The-Vine (Avg. 1.7lb)", "price": "$3.38 /ea", "price_per_ounce": "$1.99/lb", "image": "https://shop.wegmans.com/cdn-cgi/image/dpr=1,f=auto,q=80,h=200,w=200/https://d2d8wwwkmhfcva.cloudfront.net/800x/filters:fill(FFF,true):format(jpg)/d2lnr5mha7bycj.cloudfront.net/product-image/file/large_81da4ecd-84dd-471b-b23c-69c92116a339.jpg"}, "3": {"name": "Organic Tomatoes (Avg. 0.69lb)", "price": "$2.41 /ea", "price_per_ounce": "$3.49/lb", "image": "https://shop.wegmans.com/cdn-cgi/image/dpr=1,f=auto,q=80,h=200,w=200/https://d2d8wwwkmhfcva.cloudfront.net/800x/filters:fill(FFF,true):format(jpg)/d2lnr5mha7bycj.cloudfront.net/product-image/file/large_104e16e2-1e83-46ea-85f9-5964abd2c57f.jpg"}, "4": {"name": "Beefsteak Tomatoes (Avg. 0.75lb)", "price": "$1.87 /ea", "price_per_ounce": "$2.49/lb", "image": "https://shop.wegmans.com/cdn-cgi/image/dpr=1,f=auto,q=80,h=200,w=200/https://d2d8wwwkmhfcva.cloudfront.net/800x/filters:fill(FFF,true):format(jpg)/d2lnr5mha7bycj.cloudfront.net/product-image/file/large_17460702-8217-4019-b1a8-93593d4b06a3.jpg"}, "5": {"name": "Locally Grown Tomatoes (Avg. 0.48lb)", "price": "$1.20 /ea", "price_per_ounce": "$2.49/lb", "image": "https://shop.wegmans.com/cdn-cgi/image/dpr=1,f=auto,q=80,h=200,w=200/https://d2d8wwwkmhfcva.cloudfront.net/800x/filters:fill(FFF,true):format(jpg)/d2lnr5mha7bycj.cloudfront.net/product-image/file/large_39906d27-681b-48af-8003-4bca4759f659.jpg"}, "6": {"name": "Tomatoes On-The-Vine (Avg. 1.7lb)", "price": "$3.38 /ea", "price_per_ounce": "$1.99/lb", "image": "https://shop.wegmans.com/cdn-cgi/image/dpr=1,f=auto,q=80,h=200,w=200/https://d2d8wwwkmhfcva.cloudfront.net/800x/filters:fill(FFF,true):format(jpg)/d2lnr5mha7bycj.cloudfront.net/product-image/file/large_81da4ecd-84dd-471b-b23c-69c92116a339.jpg"}, "7": {"name": "Organic Tomatoes (Avg. 0.69lb)", "price": "$2.41 /ea", "price_per_ounce": "$3.49/lb", "image": "https://shop.wegmans.com/cdn-cgi/image/dpr=1,f=auto,q=80,h=200,w=200/https://d2d8wwwkmhfcva.cloudfront.net/800x/filters:fill(FFF,true):format(jpg)/d2lnr5mha7bycj.cloudfront.net/product-image/file/large_104e16e2-1e83-46ea-85f9-5964abd2c57f.jpg"}, "8": {"name": "Beefsteak Tomatoes (Avg. 0.75lb)", "price": "$1.87 /ea", "price_per_ounce": "$2.49/lb", "image": "https://shop.wegmans.com/cdn-cgi/image/dpr=1,f=auto,q=80,h=200,w=200/https://d2d8wwwkmhfcva.cloudfront.net/800x/filters:fill(FFF,true):format(jpg)/d2lnr5mha7bycj.cloudfront.net/product-image/file/large_17460702-8217-4019-b1a8-93593d4b06a3.jpg"}, "9": {"name": "Locally Grown Tomatoes (Avg. 0.48lb)", "price": "$1.20 /ea", "price_per_ounce": "$2.49/lb", "image": "https://shop.wegmans.com/cdn-cgi/image/dpr=1,f=auto,q=80,h=200,w=200/https://d2d8wwwkmhfcva.cloudfront.net/800x/filters:fill(FFF,true):format(jpg)/d2lnr5mha7bycj.cloudfront.net/product-image/file/large_39906d27-681b-48af-8003-4bca4759f659.jpg"}, "10": {"name": "Tomatoes On-The-Vine (Avg. 1.7lb)", "price": "$3.38 /ea", "price_per_ounce": "$1.99/lb", "image": "https://shop.wegmans.com/cdn-cgi/image/dpr=1,f=auto,q=80,h=200,w=200/https://d2d8wwwkmhfcva.cloudfront.net/800x/filters:fill(FFF,true):format(jpg)/d2lnr5mha7bycj.cloudfront.net/product-image/file/large_81da4ecd-84dd-471b-b23c-69c92116a339.jpg"}, "11": {"name": "Organic Tomatoes (Avg. 0.69lb)", "price": "$2.41 /ea", "price_per_ounce": "$3.49/lb", "image": "https://shop.wegmans.com/cdn-cgi/image/dpr=1,f=auto,q=80,h=200,w=200/https://d2d8wwwkmhfcva.cloudfront.net/800x/filters:fill(FFF,true):format(jpg)/d2lnr5mha7bycj.cloudfront.net/product-image/file/large_104e16e2-1e83-46ea-85f9-5964abd2c57f.jpg"}}, "Bananas": {"0": {"name": "Bananas, Sold by the Each (Avg. 0.45lb)", "price": "$0.22 /ea", "price_per_ounce": "1 ct ($0.49/lb)", "image": "https://shop.wegmans.com/cdn-cgi/image/dpr=1,f=auto,q=80,h=200,w=200/https://d2d8wwwkmhfcva.cloudfront.net/800x/filters:fill(FFF,true):format(jpg)/d2lnr5mha7bycj.cloudfront.net/product-image/file/large_c6151434-58a8-41f1-a721-494253efab61.jpg"}, "1": {"name": "Organic Bananas, Bunch (Avg. 2.62lb)", "price": "$1.81 /ea", "price_per_ounce": "$0.69/lb", "image": "https://shop.wegmans.com/cdn-cgi/image/dpr=1,f=auto,q=80,h=200,w=200/https://d2d8wwwkmhfcva.cloudfront.net/800x/filters:fill(FFF,true):format(jpg)/d2lnr5mha7bycj.cloudfront.net/product-image/file/large_3ebf64d7-b23c-4105-a8b1-989bfe30fade.jpg"}, "2": {"name": "Avocado", "price": "$1.29 /ea", "price_per_ounce": "1 ct ($1.29/ct)", "image": "https://shop.wegmans.com/cdn-cgi/image/dpr=1,f=auto,q=80,h=200,w=200/https://d2d8wwwkmhfcva.cloudfront.net/800x/filters:fill(FFF,true):format(jpg)/d2lnr5mha7bycj.cloudfront.net/product-image/file/large_49d66358-ef0c-4cb7-ac9c-e484f049318b.jpg"}, "3": {"name": "Wegmans Clementines, Bagged", "price": "$4.49 /ea", "price_per_ounce": "2 lb Bag ($2.25/lb bag)", "image": "https://shop.wegmans.com/cdn-cgi/image/dpr=1,f=auto,q=80,h=200,w=200/https://d2d8wwwkmhfcva.cloudfront.net/800x/filters:fill(FFF,true):format(jpg)/d2lnr5mha7bycj.cloudfront.net/product-image/file/large_dbc1bc04-e900-4a37-81c3-327749d86c93.jpg"}, "4": {"name": "Bananas, Sold by the Each (Avg. 0.45lb)", "price": "$0.22 /ea", "price_per_ounce": "1 ct ($0.49/lb)", "image": "https://shop.wegmans.com/cdn-cgi/image/dpr=1,f=auto,q=80,h=200,w=200/https://d2d8wwwkmhfcva.cloudfront.net/800x/filters:fill(FFF,true):format(jpg)/d2lnr5mha7bycj.cloudfront.net/product-image/file/large_c6151434-58a8-41f1-a721-494253efab61.jpg"}, "5": {"name": "Organic Bananas, Bunch (Avg. 2.62lb)", "price": "$1.81 /ea", "price_per_ounce": "$0.69/lb", "image": "https://shop.wegmans.com/cdn-cgi/image/dpr=1,f=auto,q=80,h=200,w=200/https://d2d8wwwkmhfcva.cloudfront.net/800x/filters:fill(FFF,true):format(jpg)/d2lnr5mha7bycj.cloudfront.net/product-image/file/large_3ebf64d7-b23c-4105-a8b1-989bfe30fade.jpg"}, "6": {"name": "Avocado", "price": "$1.29 /ea", "price_per_ounce": "1 ct ($1.29/ct)", "image": "https://shop.wegmans.com/cdn-cgi/image/dpr=1,f=auto,q=80,h=200,w=200/https://d2d8wwwkmhfcva.cloudfront.net/800x/filters:fill(FFF,true):format(jpg)/d2lnr5mha7bycj.cloudfront.net/product-image/file/large_49d66358-ef0c-4cb7-ac9c-e484f049318b.jpg"}, "7": {"name": "Wegmans Clementines, Bagged", "price": "$4.49 /ea", "price_per_ounce": "2 lb Bag ($2.25/lb bag)", "image": "https://shop.wegmans.com/cdn-cgi/image/dpr=1,f=auto,q=80,h=200,w=200/https://d2d8wwwkmhfcva.cloudfront.net/800x/filters:fill(FFF,true):format(jpg)/d2lnr5mha7bycj.cloudfront.net/product-image/file/large_dbc1bc04-e900-4a37-81c3-327749d86c93.jpg"}, "8": {"name": "Bananas, Sold by the Each (Avg. 0.45lb)", "price": "$0.22 /ea", "price_per_ounce": "1 ct ($0.49/lb)", "image": "https://shop.wegmans.com/cdn-cgi/image/dpr=1,f=auto,q=80,h=200,w=200/https://d2d8wwwkmhfcva.cloudfront.net/800x/filters:fill(FFF,true):format(jpg)/d2lnr5mha7bycj.cloudfront.net/product-image/file/large_c6151434-58a8-41f1-a721-494253efab61.jpg"}, "9": {"name": "Organic Bananas, Bunch (Avg. 2.62lb)", "price": "$1.81 /ea", "price_per_ounce": "$0.69/lb", "image": "https://shop.wegmans.com/cdn-cgi/image/dpr=1,f=auto,q=80,h=200,w=200/https://d2d8wwwkmhfcva.cloudfront.net/800x/filters:fill(FFF,true):format(jpg)/d2lnr5mha7bycj.cloudfront.net/product-image/file/large_3ebf64d7-b23c-4105-a8b1-989bfe30fade.jpg"}, "10": {"name": "Avocado", "price": "$1.29 /ea", "price_per_ounce": "1 ct ($1.29/ct)", "image": "https://shop.wegmans.com/cdn-cgi/image/dpr=1,f=auto,q=80,h=200,w=200/https://d2d8wwwkmhfcva.cloudfront.net/800x/filters:fill(FFF,true):format(jpg)/d2lnr5mha7bycj.cloudfront.net/product-image/file/large_49d66358-ef0c-4cb7-ac9c-e484f049318b.jpg"}, "11": {"name": "Wegmans Clementines, Bagged", "price": "$4.49 /ea", "price_per_ounce": "2 lb Bag ($2.25/lb bag)", "image": "https://shop.wegmans.com/cdn-cgi/image/dpr=1,f=auto,q=80,h=200,w=200/https://d2d8wwwkmhfcva.cloudfront.net/800x/filters:fill(FFF,true):format(jpg)/d2lnr5mha7bycj.cloudfront.net/product-image/file/large_dbc1bc04-e900-4a37-81c3-327749d86c93.jpg"}}, "Chicken thighs": {"0": {"name": "Wegmans Ready to Cook Chicken Marsala", "price": "$8.00 /ea", "price_per_ounce": "10 oz ($0.80/oz)", "image": "https://shop.wegmans.com/cdn-cgi/image/dpr=1,f=auto,q=80,h=200,w=200/https://d2d8wwwkmhfcva.cloudfront.net/800x/filters:fill(FFF,true):format(jpg)/d2lnr5mha7bycj.cloudfront.net/product-image/file/large_fcb2ddfa-c9a2-479b-9384-26fde8615d21.jpg"}, "1": {"name": "Wegmans Chicken Thighs-Boneless Skinless-Raised without Antibiotics (Avg. 1.71lb)", "price": "$9.56 /ea", "price_per_ounce": "$5.59/lb", "image": "https://shop.wegmans.com/cdn-cgi/image/dpr=1,f=auto,q=80,h=200,w=200/https://d2d8wwwkmhfcva.cloudfront.net/800x/filters:fill(FFF,true):format(jpg)/d2lnr5mha7bycj.cloudfront.net/product-image/file/large_b43ef8c8-33b3-4cd4-b2bb-8ef692910a94.jpg"}, "2": {"name": "Wegmans Chicken Thighs- Boneless Skin-On- Raised without Antibiotics (Avg. 1.43lb)", "price": "$7.99 /ea", "price_per_ounce": "$5.59/lb", "image": "https://shop.wegmans.com/cdn-cgi/image/dpr=1,f=auto,q=80,h=200,w=200/https://d2d8wwwkmhfcva.cloudfront.net/800x/filters:fill(FFF,true):format(jpg)/d2lnr5mha7bycj.cloudfront.net/product-image/file/large_978c0477-4fe4-4f5d-ba8d-01d35ba1b479.jpg"}, "3": {"name": "Wegmans Organic Boneless Skinless Chicken Thighs (Avg. 1.74lb)", "price": "$11.81 /ea", "price_per_ounce": "$6.79/lb", "image": "https://shop.wegmans.com/cdn-cgi/image/dpr=1,f=auto,q=80,h=200,w=200/https://d2d8wwwkmhfcva.cloudfront.net/800x/filters:fill(FFF,true):format(jpg)/d2lnr5mha7bycj.cloudfront.net/product-image/file/large_496b748b-106f-43b8-bd9e-337fe91f885d.jpg"}, "4": {"name": "Wegmans Ready to Cook Chicken Marsala", "price": "$8.00 /ea", "price_per_ounce": "10 oz ($0.80/oz)", "image": "https://shop.wegmans.com/cdn-cgi/image/dpr=1,f=auto,q=80,h=200,w=200/https://d2d8wwwkmhfcva.cloudfront.net/800x/filters:fill(FFF,true):format(jpg)/d2lnr5mha7bycj.cloudfront.net/product-image/file/large_fcb2ddfa-c9a2-479b-9384-26fde8615d21.jpg"}, "5": {"name": "Wegmans Chicken Thighs-Boneless Skinless-Raised without Antibiotics (Avg. 1.71lb)", "price": "$9.56 /ea", "price_per_ounce": "$5.59/lb", "image": "https://shop.wegmans.com/cdn-cgi/image/dpr=1,f=auto,q=80,h=200,w=200/https://d2d8wwwkmhfcva.cloudfront.net/800x/filters:fill(FFF,true):format(jpg)/d2lnr5mha7bycj.cloudfront.net/product-image/file/large_b43ef8c8-33b3-4cd4-b2bb-8ef692910a94.jpg"}, "6": {"name": "Wegmans Chicken Thighs- Boneless Skin-On- Raised without Antibiotics (Avg. 1.43lb)", "price": "$7.99 /ea", "price_per_ounce": "$5.59/lb", "image": "https://shop.wegmans.com/cdn-cgi/image/dpr=1,f=auto,q=80,h=200,w=200/https://d2d8wwwkmhfcva.cloudfront.net/800x/filters:fill(FFF,true):format(jpg)/d2lnr5mha7bycj.cloudfront.net/product-image/file/large_978c0477-4fe4-4f5d-ba8d-01d35ba1b479.jpg"}, "7": {"name": "Wegmans Organic Boneless Skinless Chicken Thighs (Avg. 1.74lb)", "price": "$11.81 /ea", "price_per_ounce": "$6.79/lb", "image": "https://shop.wegmans.com/cdn-cgi/image/dpr=1,f=auto,q=80,h=200,w=200/https://d2d8wwwkmhfcva.cloudfront.net/800x/filters:fill(FFF,true):format(jpg)/d2lnr5mha7bycj.cloudfront.net/product-image/file/large_496b748b-106f-43b8-bd9e-337fe91f885d.jpg"}, "8": {"name": "Wegmans Ready to Cook Chicken Marsala", "price": "$8.00 /ea", "price_per_ounce": "10 oz ($0.80/oz)", "image": "https://shop.wegmans.com/cdn-cgi/image/dpr=1,f=auto,q=80,h=200,w=200/https://d2d8wwwkmhfcva.cloudfront.net/800x/filters:fill(FFF,true):format(jpg)/d2lnr5mha7bycj.cloudfront.net/product-image/file/large_fcb2ddfa-c9a2-479b-9384-26fde8615d21.jpg"}, "9": {"name": "Wegmans Chicken Thighs-Boneless Skinless-Raised without Antibiotics (Avg. 1.71lb)", "price": "$9.56 /ea", "price_per_ounce": "$5.59/lb", "image": "https://shop.wegmans.com/cdn-cgi/image/dpr=1,f=auto,q=80,h=200,w=200/https://d2d8wwwkmhfcva.cloudfront.net/800x/filters:fill(FFF,true):format(jpg)/d2lnr5mha7bycj.cloudfront.net/product-image/file/large_b43ef8c8-33b3-4cd4-b2bb-8ef692910a94.jpg"}, "10": {"name": "Wegmans Chicken Thighs- Boneless Skin-On- Raised without Antibiotics (Avg. 1.43lb)", "price": "$7.99 /ea", "price_per_ounce": "$5.59/lb", "image": "https://shop.wegmans.com/cdn-cgi/image/dpr=1,f=auto,q=80,h=200,w=200/https://d2d8wwwkmhfcva.cloudfront.net/800x/filters:fill(FFF,true):format(jpg)/d2lnr5mha7bycj.cloudfront.net/product-image/file/large_978c0477-4fe4-4f5d-ba8d-01d35ba1b479.jpg"}, "11": {"name": "Wegmans Organic Boneless Skinless Chicken Thighs (Avg. 1.74lb)", "price": "$11.81 /ea", "price_per_ounce": "$6.79/lb", "image": "https://shop.wegmans.com/cdn-cgi/image/dpr=1,f=auto,q=80,h=200,w=200/https://d2d8wwwkmhfcva.cloudfront.net/800x/filters:fill(FFF,true):format(jpg)/d2lnr5mha7bycj.cloudfront.net/product-image/file/large_496b748b-106f-43b8-bd9e-337fe91f885d.jpg"}}, "Ground beef (80% lean)": {"0": {"name": "Wegmans Ground Angus Beef, 80/20", "price": "$7.99 /ea", "price_per_ounce": "16 oz ($0.50/oz)", "image": "https://shop.wegmans.com/cdn-cgi/image/dpr=1,f=auto,q=80,h=200,w=200/https://d2d8wwwkmhfcva.cloudfront.net/800x/filters:fill(FFF,true):format(jpg)/d2lnr5mha7bycj.cloudfront.net/product-image/file/large_2cd3b92e-e836-4b1e-a203-cd494f5cb522.jpg"}, "1": {"name": "Wegmans Ground Beef 80/20 (Avg. 1.05lb)", "price": "$5.42 /ea", "price_per_ounce": "$5.19/lb", "image": "https://shop.wegmans.com/cdn-cgi/image/dpr=1,f=auto,q=80,h=200,w=200/https://d2d8wwwkmhfcva.cloudfront.net/800x/filters:fill(FFF,true):format(jpg)/d2lnr5mha7bycj.cloudfront.net/product-image/file/large_f443b044-676f-4ebd-b820-5428abfd575f.jpg"}, "2": {"name": "Wegmans Organic Grass Fed Ground Beef, 93% Lean/7% Fat, FAMILY PACK", "price": "$21.49 /ea", "price_per_ounce": "48 oz ($0.45/oz)", "image": "https://shop.wegmans.com/cdn-cgi/image/dpr=1,f=auto,q=80,h=200,w=200/https://d2d8wwwkmhfcva.cloudfront.net/800x/filters:fill(FFF,true):format(jpg)/d2lnr5mha7bycj.cloudfront.net/product-image/file/large_573c1afa-ba10-4fe9-8988-a6dbaaf9218a.jpg"}, "3": {"name": "Wegmans 100% Grass Fed Angus Ground Beef, 85/15", "price": "$8.49 /ea", "price_per_ounce": "16 oz ($0.53/oz)", "image": "https://shop.wegmans.com/cdn-cgi/image/dpr=1,f=auto,q=80,h=200,w=200/https://d2d8wwwkmhfcva.cloudfront.net/800x/filters:fill(FFF,true):format(jpg)/d2lnr5mha7bycj.cloudfront.net/product-image/file/large_ce872ecf-348e-4399-bba0-9cbaf63850d1.jpg"}, "4": {"name": "Wegmans Ground Angus Beef, 80/20", "price": "$7.99 /ea", "price_per_ounce": "16 oz ($0.50/oz)", "image": "https://shop.wegmans.com/cdn-cgi/image/dpr=1,f=auto,q=80,h=200,w=200/https://d2d8wwwkmhfcva.cloudfront.net/800x/filters:fill(FFF,true):format(jpg)/d2lnr5mha7bycj.cloudfront.net/product-image/file/large_2cd3b92e-e836-4b1e-a203-cd494f5cb522.jpg"}, "5": {"name": "Wegmans Ground Beef 80/20 (Avg. 1.05lb)", "price": "$5.42 /ea", "price_per_ounce": "$5.19/lb", "image": "https://shop.wegmans.com/cdn-cgi/image/dpr=1,f=auto,q=80,h=200,w=200/https://d2d8wwwkmhfcva.cloudfront.net/800x/filters:fill(FFF,true):format(jpg)/d2lnr5mha7bycj.cloudfront.net/product-image/file/large_f443b044-676f-4ebd-b820-5428abfd575f.jpg"}, "6": {"name": "Wegmans Organic Grass Fed Ground Beef, 93% Lean/7% Fat, FAMILY PACK", "price": "$21.49 /ea", "price_per_ounce": "48 oz ($0.45/oz)", "image": "https://shop.wegmans.com/cdn-cgi/image/dpr=1,f=auto,q=80,h=200,w=200/https://d2d8wwwkmhfcva.cloudfront.net/800x/filters:fill(FFF,true):format(jpg)/d2lnr5mha7bycj.cloudfront.net/product-image/file/large_573c1afa-ba10-4fe9-8988-a6dbaaf9218a.jpg"}, "7": {"name": "Wegmans 100% Grass Fed Angus Ground Beef, 85/15", "price": "$8.49 /ea", "price_per_ounce": "16 oz ($0.53/oz)", "image": "https://shop.wegmans.com/cdn-cgi/image/dpr=1,f=auto,q=80,h=200,w=200/https://d2d8wwwkmhfcva.cloudfront.net/800x/filters:fill(FFF,true):format(jpg)/d2lnr5mha7bycj.cloudfront.net/product-image/file/large_ce872ecf-348e-4399-bba0-9cbaf63850d1.jpg"}, "8": {"name": "Wegmans Ground Angus Beef, 80/20", "price": "$7.99 /ea", "price_per_ounce": "16 oz ($0.50/oz)", "image": "https://shop.wegmans.com/cdn-cgi/image/dpr=1,f=auto,q=80,h=200,w=200/https://d2d8wwwkmhfcva.cloudfront.net/800x/filters:fill(FFF,true):format(jpg)/d2lnr5mha7bycj.cloudfront.net/product-image/file/large_2cd3b92e-e836-4b1e-a203-cd494f5cb522.jpg"}, "9": {"name": "Wegmans Ground Beef 80/20 (Avg. 1.05lb)", "price": "$5.42 /ea", "price_per_ounce": "$5.19/lb", "image": "https://shop.wegmans.com/cdn-cgi/image/dpr=1,f=auto,q=80,h=200,w=200/https://d2d8wwwkmhfcva.cloudfront.net/800x/filters:fill(FFF,true):format(jpg)/d2lnr5mha7bycj.cloudfront.net/product-image/file/large_f443b044-676f-4ebd-b820-5428abfd575f.jpg"}, "10": {"name": "Wegmans Organic Grass Fed Ground Beef, 93% Lean/7% Fat, FAMILY PACK", "price": "$21.49 /ea", "price_per_ounce": "48 oz ($0.45/oz)", "image": "https://shop.wegmans.com/cdn-cgi/image/dpr=1,f=auto,q=80,h=200,w=200/https://d2d8wwwkmhfcva.cloudfront.net/800x/filters:fill(FFF,true):format(jpg)/d2lnr5mha7bycj.cloudfront.net/product-image/file/large_573c1afa-ba10-4fe9-8988-a6dbaaf9218a.jpg"}, "11": {"name": "Wegmans 100% Grass Fed Angus Ground Beef, 85/15", "price": "$8.49 /ea", "price_per_ounce": "16 oz ($0.53/oz)", "image": "https://shop.wegmans.com/cdn-cgi/image/dpr=1,f=auto,q=80,h=200,w=200/https://d2d8wwwkmhfcva.cloudfront.net/800x/filters:fill(FFF,true):format(jpg)/d2lnr5mha7bycj.cloudfront.net/product-image/file/large_ce872ecf-348e-4399-bba0-9cbaf63850d1.jpg"}}, "Boneless pork chops": {"0": {"name": "Wegmans Boneless Center Cut Pork Chops, FAMILY PACK (Avg. 3.81lb)", "price": "$9.49 /ea", "price_per_ounce": "$2.49/lb", "image": "https://shop.wegmans.com/cdn-cgi/image/dpr=1,f=auto,q=80,h=200,w=200/https://d2d8wwwkmhfcva.cloudfront.net/800x/filters:fill(FFF,true):format(jpg)/d2lnr5mha7bycj.cloudfront.net/product-image/file/large_f2f77424-8e2c-40d4-aaee-d6989c8d304a.jpg"}, "1": {"name": "Wegmans Boneless Center Cut Pork Chops (Avg. 0.95lb)", "price": "$4.27 /ea", "price_per_ounce": "$4.49/lb", "image": "https://shop.wegmans.com/cdn-cgi/image/dpr=1,f=auto,q=80,h=200,w=200/https://d2d8wwwkmhfcva.cloudfront.net/800x/filters:fill(FFF,true):format(jpg)/d2lnr5mha7bycj.cloudfront.net/product-image/file/large_f49a03ae-4838-4326-b34e-12322b65521c.jpg"}, "2": {"name": "Wegmans Thin Sliced Boneless Pork Chops (Avg. 1.29lb)", "price": "$6.45 /ea", "price_per_ounce": "$4.99/lb", "image": "https://shop.wegmans.com/cdn-cgi/image/dpr=1,f=auto,q=80,h=200,w=200/https://d2d8wwwkmhfcva.cloudfront.net/800x/filters:fill(FFF,true):format(jpg)/d2lnr5mha7bycj.cloudfront.net/product-image/file/large_09ae6dc7-cdcb-4565-9d36-a332f460c6e2.jpg"}, "3": {"name": "Wegmans Organic Boneless Pork Chops, 6 Thin Sliced (Avg. 1.13lb)", "price": "$13.49 /ea", "price_per_ounce": "$11.99/lb", "image": "https://shop.wegmans.com/cdn-cgi/image/dpr=1,f=auto,q=80,h=200,w=200/https://d2d8wwwkmhfcva.cloudfront.net/800x/filters:fill(FFF,true):format(jpg)/d2lnr5mha7bycj.cloudfront.net/product-image/file/large_efab7204-1311-4dad-85cb-dc611ce1fd5e.jpg"}, "4": {"name": "Wegmans Boneless Center Cut Pork Chops, FAMILY PACK (Avg. 3.81lb)", "price": "$9.49 /ea", "price_per_ounce": "$2.49/lb", "image": "https://shop.wegmans.com/cdn-cgi/image/dpr=1,f=auto,q=80,h=200,w=200/https://d2d8wwwkmhfcva.cloudfront.net/800x/filters:fill(FFF,true):format(jpg)/d2lnr5mha7bycj.cloudfront.net/product-image/file/large_f2f77424-8e2c-40d4-aaee-d6989c8d304a.jpg"}, "5": {"name": "Wegmans Boneless Center Cut Pork Chops (Avg. 0.95lb)", "price": "$4.27 /ea", "price_per_ounce": "$4.49/lb", "image": "https://shop.wegmans.com/cdn-cgi/image/dpr=1,f=auto,q=80,h=200,w=200/https://d2d8wwwkmhfcva.cloudfront.net/800x/filters:fill(FFF,true):format(jpg)/d2lnr5mha7bycj.cloudfront.net/product-image/file/large_f49a03ae-4838-4326-b34e-12322b65521c.jpg"}, "6": {"name": "Wegmans Thin Sliced Boneless Pork Chops (Avg. 1.29lb)", "price": "$6.45 /ea", "price_per_ounce": "$4.99/lb", "image": "https://shop.wegmans.com/cdn-cgi/image/dpr=1,f=auto,q=80,h=200,w=200/https://d2d8wwwkmhfcva.cloudfront.net/800x/filters:fill(FFF,true):format(jpg)/d2lnr5mha7bycj.cloudfront.net/product-image/file/large_09ae6dc7-cdcb-4565-9d36-a332f460c6e2.jpg"}, "7": {"name": "Wegmans Organic Boneless Pork Chops, 6 Thin Sliced (Avg. 1.13lb)", "price": "$13.49 /ea", "price_per_ounce": "$11.99/lb", "image": "https://shop.wegmans.com/cdn-cgi/image/dpr=1,f=auto,q=80,h=200,w=200/https://d2d8wwwkmhfcva.cloudfront.net/800x/filters:fill(FFF,true):format(jpg)/d2lnr5mha7bycj.cloudfront.net/product-image/file/large_efab7204-1311-4dad-85cb-dc611ce1fd5e.jpg"}, "8": {"name": "Wegmans Boneless Center Cut Pork Chops, FAMILY PACK (Avg. 3.81lb)", "price": "$9.49 /ea", "price_per_ounce": "$2.49/lb", "image": "https://shop.wegmans.com/cdn-cgi/image/dpr=1,f=auto,q=80,h=200,w=200/https://d2d8wwwkmhfcva.cloudfront.net/800x/filters:fill(FFF,true):format(jpg)/d2lnr5mha7bycj.cloudfront.net/product-image/file/large_f2f77424-8e2c-40d4-aaee-d6989c8d304a.jpg"}, "9": {"name": "Wegmans Boneless Center Cut Pork Chops (Avg. 0.95lb)", "price": "$4.27 /ea", "price_per_ounce": "$4.49/lb", "image": "https://shop.wegmans.com/cdn-cgi/image/dpr=1,f=auto,q=80,h=200,w=200/https://d2d8wwwkmhfcva.cloudfront.net/800x/filters:fill(FFF,true):format(jpg)/d2lnr5mha7bycj.cloudfront.net/product-image/file/large_f49a03ae-4838-4326-b34e-12322b65521c.jpg"}, "10": {"name": "Wegmans Thin Sliced Boneless Pork Chops (Avg. 1.29lb)", "price": "$6.45 /ea", "price_per_ounce": "$4.99/lb", "image": "https://shop.wegmans.com/cdn-cgi/image/dpr=1,f=auto,q=80,h=200,w=200/https://d2d8wwwkmhfcva.cloudfront.net/800x/filters:fill(FFF,true):format(jpg)/d2lnr5mha7bycj.cloudfront.net/product-image/file/large_09ae6dc7-cdcb-4565-9d36-a332f460c6e2.jpg"}, "11": {"name": "Wegmans Organic Boneless Pork Chops, 6 Thin Sliced (Avg. 1.13lb)", "price": "$13.49 /ea", "price_per_ounce": "$11.99/lb", "image": "https://shop.wegmans.com/cdn-cgi/image/dpr=1,f=auto,q=80,h=200,w=200/https://d2d8wwwkmhfcva.cloudfront.net/800x/filters:fill(FFF,true):format(jpg)/d2lnr5mha7bycj.cloudfront.net/product-image/file/large_efab7204-1311-4dad-85cb-dc611ce1fd5e.jpg"}}, "Salmon fillets": {"0": {"name": "Wegmans Frozen Farm Raised Atlantic Salmon, FAMILY PACK", "price": "$22.98 /ea", "price_per_ounce": "32 oz ($0.72/oz)", "image": "https://shop.wegmans.com/cdn-cgi/image/dpr=1,f=auto,q=80,h=200,w=200/https://d2d8wwwkmhfcva.cloudfront.net/800x/filters:fill(FFF,true):format(jpg)/d2lnr5mha7bycj.cloudfront.net/product-image/file/large_90c839b5-09c0-4847-b4ff-9c8348b53e6b.jpg"}, "1": {"name": "Wegmans Atlantic Salmon Fillet (Avg. 0.53lb)", "price": "$6.82 /ea", "price_per_ounce": "$12.99/lb", "image": "https://shop.wegmans.com/cdn-cgi/image/dpr=1,f=auto,q=80,h=200,w=200/https://d2d8wwwkmhfcva.cloudfront.net/800x/filters:fill(FFF,true):format(jpg)/d2lnr5mha7bycj.cloudfront.net/product-image/file/large_a134efa3-d3df-4d3c-aada-93e0dfe15435.jpg"}, "2": {"name": "Wegmans Atlantic Salmon Portion", "price": "$7.49 /ea", "price_per_ounce": "6 oz ($1.25/oz)", "image": "https://shop.wegmans.com/cdn-cgi/image/dpr=1,f=auto,q=80,h=200,w=200/https://d2d8wwwkmhfcva.cloudfront.net/800x/filters:fill(FFF,true):format(jpg)/d2lnr5mha7bycj.cloudfront.net/product-image/file/large_0398d6b8-27c6-4018-8101-de175f63603b.jpg"}, "3": {"name": "Wegmans American Salmon Fillet (Avg. 0.5lb)", "price": "$8.50 /ea", "price_per_ounce": "$16.99/lb", "image": "https://shop.wegmans.com/cdn-cgi/image/dpr=1,f=auto,q=80,h=200,w=200/https://d2d8wwwkmhfcva.cloudfront.net/800x/filters:fill(FFF,true):format(jpg)/d2lnr5mha7bycj.cloudfront.net/product-image/file/large_00f1a4b0-7bb7-429d-95fa-eac5bb54b79d.jpg"}, "4": {"name": "Wegmans Frozen Farm Raised Atlantic Salmon, FAMILY PACK", "price": "$22.98 /ea", "price_per_ounce": "32 oz ($0.72/oz)", "image": "https://shop.wegmans.com/cdn-cgi/image/dpr=1,f=auto,q=80,h=200,w=200/https://d2d8wwwkmhfcva.cloudfront.net/800x/filters:fill(FFF,true):format(jpg)/d2lnr5mha7bycj.cloudfront.net/product-image/file/large_90c839b5-09c0-4847-b4ff-9c8348b53e6b.jpg"}, "5": {"name": "Wegmans Atlantic Salmon Fillet (Avg. 0.53lb)", "price": "$6.82 /ea", "price_per_ounce": "$12.99/lb", "image": "https://shop.wegmans.com/cdn-cgi/image/dpr=1,f=auto,q=80,h=200,w=200/https://d2d8wwwkmhfcva.cloudfront.net/800x/filters:fill(FFF,true):format(jpg)/d2lnr5mha7bycj.cloudfront.net/product-image/file/large_a134efa3-d3df-4d3c-aada-93e0dfe15435.jpg"}, "6": {"name": "Wegmans Atlantic Salmon Portion", "price": "$7.49 /ea", "price_per_ounce": "6 oz ($1.25/oz)", "image": "https://shop.wegmans.com/cdn-cgi/image/dpr=1,f=auto,q=80,h=200,w=200/https://d2d8wwwkmhfcva.cloudfront.net/800x/filters:fill(FFF,true):format(jpg)/d2lnr5mha7bycj.cloudfront.net/product-image/file/large_0398d6b8-27c6-4018-8101-de175f63603b.jpg"}, "7": {"name": "Wegmans American Salmon Fillet (Avg. 0.5lb)", "price": "$8.50 /ea", "price_per_ounce": "$16.99/lb", "image": "https://shop.wegmans.com/cdn-cgi/image/dpr=1,f=auto,q=80,h=200,w=200/https://d2d8wwwkmhfcva.cloudfront.net/800x/filters:fill(FFF,true):format(jpg)/d2lnr5mha7bycj.cloudfront.net/product-image/file/large_00f1a4b0-7bb7-429d-95fa-eac5bb54b79d.jpg"}, "8": {"name": "Wegmans Frozen Farm Raised Atlantic Salmon, FAMILY PACK", "price": "$22.98 /ea", "price_per_ounce": "32 oz ($0.72/oz)", "image": "https://shop.wegmans.com/cdn-cgi/image/dpr=1,f=auto,q=80,h=200,w=200/https://d2d8wwwkmhfcva.cloudfront.net/800x/filters:fill(FFF,true):format(jpg)/d2lnr5mha7bycj.cloudfront.net/product-image/file/large_90c839b5-09c0-4847-b4ff-9c8348b53e6b.jpg"}, "9": {"name": "Wegmans Atlantic Salmon Fillet (Avg. 0.53lb)", "price": "$6.82 /ea", "price_per_ounce": "$12.99/lb", "image": "https://shop.wegmans.com/cdn-cgi/image/dpr=1,f=auto,q=80,h=200,w=200/https://d2d8wwwkmhfcva.cloudfront.net/800x/filters:fill(FFF,true):format(jpg)/d2lnr5mha7bycj.cloudfront.net/product-image/file/large_a134efa3-d3df-4d3c-aada-93e0dfe15435.jpg"}, "10": {"name": "Wegmans Atlantic Salmon Portion", "price": "$7.49 /ea", "price_per_ounce": "6 oz ($1.25/oz)", "image": "https://shop.wegmans.com/cdn-cgi/image/dpr=1,f=auto,q=80,h=200,w=200/https://d2d8wwwkmhfcva.cloudfront.net/800x/filters:fill(FFF,true):format(jpg)/d2lnr5mha7bycj.cloudfront.net/product-image/file/large_0398d6b8-27c6-4018-8101-de175f63603b.jpg"}, "11": {"name": "Wegmans American Salmon Fillet (Avg. 0.5lb)", "price": "$8.50 /ea", "price_per_ounce": "$16.99/lb", "image": "https://shop.wegmans.com/cdn-cgi/image/dpr=1,f=auto,q=80,h=200,w=200/https://d2d8wwwkmhfcva.cloudfront.net/800x/filters:fill(FFF,true):format(jpg)/d2lnr5mha7bycj.cloudfront.net/product-image/file/large_00f1a4b0-7bb7-429d-95fa-eac5bb54b79d.jpg"}}, "Hickory-smoked bacon": {"0": {"name": "Wegmans No Sugar Added Hickory Smoked Uncured Bacon", "price": "$6.99 /ea", "price_per_ounce": "12 oz ($0.58/oz)", "image": "https://shop.wegmans.com/cdn-cgi/image/dpr=1,f=auto,q=80,h=200,w=200/https://d2d8wwwkmhfcva.cloudfront.net/800x/filters:fill(FFF,true):format(jpg)/d2lnr5mha7bycj.cloudfront.net/product-image/file/large_8d57dcd4-732f-4821-a4be-18b0c0f34751.jpg"}, "1": {"name": "Josef's Double Hickory Smoked Uncured Bacon", "price": "$12.49 /lb", "price_per_ounce": "16 oz ($0.50/oz)", "image": "https://shop.wegmans.com/cdn-cgi/image/dpr=1,f=auto,q=80,h=200,w=200/https://d2d8wwwkmhfcva.cloudfront.net/800x/filters:fill(FFF,true):format(jpg)/d2lnr5mha7bycj.cloudfront.net/product-image/file/large_7ff35253-536e-4ee0-8f7e-99f76106f69d.jpg"}, "2": {"name": "Oscar Mayer Naturally Hardwood Smoked Bacon", "price": "$7.99 /ea", "price_per_ounce": "16 oz ($0.47/oz)", "image": "https://shop.wegmans.com/cdn-cgi/image/dpr=1,f=auto,q=80,h=200,w=200/https://d2d8wwwkmhfcva.cloudfront.net/800x/filters:fill(FFF,true):format(jpg)/d2lnr5mha7bycj.cloudfront.net/product-image/file/large_40288ff9-4467-495e-9250-58dab00695a7.jpg"}, "3": {"name": "Smithfield Naturally Hickory Smoked Thick Cut Bacon", "price": "$7.49 /ea", "price_per_ounce": "12 oz ($0.58/oz)", "image": "https://shop.wegmans.com/cdn-cgi/image/dpr=1,f=auto,q=80,h=200,w=200/https://d2d8wwwkmhfcva.cloudfront.net/800x/filters:fill(FFF,true):format(jpg)/d2lnr5mha7bycj.cloudfront.net/product-image/file/large_f16a0878-50c1-40f0-886e-8d76f5b73f90.jpg"}, "4": {"name": "Wegmans No Sugar Added Hickory Smoked Uncured Bacon", "price": "$6.99 /ea", "price_per_ounce": "16 oz ($0.50/oz)", "image": "https://shop.wegmans.com/cdn-cgi/image/dpr=1,f=auto,q=80,h=200,w=200/https://d2d8wwwkmhfcva.cloudfront.net/800x/filters:fill(FFF,true):format(jpg)/d2lnr5mha7bycj.cloudfront.net/product-image/file/large_8d57dcd4-732f-4821-a4be-18b0c0f34751.jpg"}, "5": {"name": "Josef's Double Hickory Smoked Uncured Bacon", "price": "$12.49 /lb", "price_per_ounce": "16 oz ($0.47/oz)", "image": "https://shop.wegmans.com/cdn-cgi/image/dpr=1,f=auto,q=80,h=200,w=200/https://d2d8wwwkmhfcva.cloudfront.net/800x/filters:fill(FFF,true):format(jpg)/d2lnr5mha7bycj.cloudfront.net/product-image/file/large_7ff35253-536e-4ee0-8f7e-99f76106f69d.jpg"}, "6": {"name": "Oscar Mayer Naturally Hardwood Smoked Bacon", "price": "$7.99 /ea", "price_per_ounce": "12 oz ($0.58/oz)", "image": "https://shop.wegmans.com/cdn-cgi/image/dpr=1,f=auto,q=80,h=200,w=200/https://d2d8wwwkmhfcva.cloudfront.net/800x/filters:fill(FFF,true):format(jpg)/d2lnr5mha7bycj.cloudfront.net/product-image/file/large_40288ff9-4467-495e-9250-58dab00695a7.jpg"}, "7": {"name": "Smithfield Naturally Hickory Smoked Thick Cut Bacon", "price": "$7.49 /ea", "price_per_ounce": "16 oz ($0.50/oz)", "image": "https://shop.wegmans.com/cdn-cgi/image/dpr=1,f=auto,q=80,h=200,w=200/https://d2d8wwwkmhfcva.cloudfront.net/800x/filters:fill(FFF,true):format(jpg)/d2lnr5mha7bycj.cloudfront.net/product-image/file/large_f16a0878-50c1-40f0-886e-8d76f5b73f90.jpg"}, "8": {"name": "Wegmans No Sugar Added Hickory Smoked Uncured Bacon", "price": "$6.99 /ea", "price_per_ounce": "16 oz ($0.47/oz)", "image": "https://shop.wegmans.com/cdn-cgi/image/dpr=1,f=auto,q=80,h=200,w=200/https://d2d8wwwkmhfcva.cloudfront.net/800x/filters:fill(FFF,true):format(jpg)/d2lnr5mha7bycj.cloudfront.net/product-image/file/large_8d57dcd4-732f-4821-a4be-18b0c0f34751.jpg"}}, "Pork sausages": {"0": {"name": "Wegmans Italian Classics Mild Pork Italian Sausage Links (Avg. 1.43lb)", "price": "$7.14 /ea", "price_per_ounce": "$4.99/lb", "image": "https://shop.wegmans.com/cdn-cgi/image/dpr=1,f=auto,q=80,h=200,w=200/https://d2d8wwwkmhfcva.cloudfront.net/800x/filters:fill(FFF,true):format(jpg)/d2lnr5mha7bycj.cloudfront.net/product-image/file/large_39709a0f-e663-479a-bc76-1086f4af7081.jpg"}, "1": {"name": "Jones Dairy Farm Golden Brown Pork Sausages Patties, Mild", "price": "$3.49 /ea", "price_per_ounce": "6 ct ($0.58/ct)", "image": "https://shop.wegmans.com/cdn-cgi/image/dpr=1,f=auto,q=80,h=200,w=200/https://d2d8wwwkmhfcva.cloudfront.net/800x/filters:fill(FFF,true):format(jpg)/d2lnr5mha7bycj.cloudfront.net/product-image/file/large_09aac28c-379a-4217-a78b-c9857040dc7c.jpg"}, "2": {"name": "Wegmans Breakfast Pork Sausage", "price": "$4.99 /ea", "price_per_ounce": "16 oz ($0.31/oz)", "image": "https://shop.wegmans.com/cdn-cgi/image/dpr=1,f=auto,q=80,h=200,w=200/https://d2d8wwwkmhfcva.cloudfront.net/800x/filters:fill(FFF,true):format(jpg)/d2lnr5mha7bycj.cloudfront.net/product-image/file/large_67e3931f-36b6-4abf-843d-6fc68e122cb3.jpg"}, "3": {"name": "Jones Dairy Farm Pork Sausages, All Natural, Little", "price": "$4.49 /ea", "price_per_ounce": "12 oz ($0.37/oz)", "image": "https://shop.wegmans.com/cdn-cgi/image/dpr=1,f=auto,q=80,h=200,w=200/https://d2d8wwwkmhfcva.cloudfront.net/800x/filters:fill(FFF,true):format(jpg)/d2lnr5mha7bycj.cloudfront.net/product-image/file/large_03fa0466-3f7a-4aef-b994-3cfad9af0117.jpg"}, "4": {"name": "Wegmans Italian Classics Mild Pork Italian Sausage Links (Avg. 1.43lb)", "price": "$7.14 /ea", "price_per_ounce": "$4.99/lb", "image": "https://shop.wegmans.com/cdn-cgi/image/dpr=1,f=auto,q=80,h=200,w=200/https://d2d8wwwkmhfcva.cloudfront.net/800x/filters:fill(FFF,true):format(jpg)/d2lnr5mha7bycj.cloudfront.net/product-image/file/large_39709a0f-e663-479a-bc76-1086f4af7081.jpg"}, "5": {"name": "Jones Dairy Farm Golden Brown Pork Sausages Patties, Mild", "price": "$3.49 /ea", "price_per_ounce": "6 ct ($0.58/ct)", "image": "https://shop.wegmans.com/cdn-cgi/image/dpr=1,f=auto,q=80,h=200,w=200/https://d2d8wwwkmhfcva.cloudfront.net/800x/filters:fill(FFF,true):format(jpg)/d2lnr5mha7bycj.cloudfront.net/product-image/file/large_09aac28c-379a-4217-a78b-c9857040dc7c.jpg"}, "6": {"name": "Wegmans Breakfast Pork Sausage", "price": "$4.99 /ea", "price_per_ounce": "16 oz ($0.31/oz)", "image": "https://shop.wegmans.com/cdn-cgi/image/dpr=1,f=auto,q=80,h=200,w=200/https://d2d8wwwkmhfcva.cloudfront.net/800x/filters:fill(FFF,true):format(jpg)/d2lnr5mha7bycj.cloudfront.net/product-image/file/large_67e3931f-36b6-4abf-843d-6fc68e122cb3.jpg"}, "7": {"name": "Jones Dairy Farm Pork Sausages, All Natural, Little", "price": "$4.49 /ea", "price_per_ounce": "12 oz ($0.37/oz)", "image": "https://shop.wegmans.com/cdn-cgi/image/dpr=1,f=auto,q=80,h=200,w=200/https://d2d8wwwkmhfcva.cloudfront.net/800x/filters:fill(FFF,true):format(jpg)/d2lnr5mha7bycj.cloudfront.net/product-image/file/large_03fa0466-3f7a-4aef-b994-3cfad9af0117.jpg"}, "8": {"name": "Wegmans Italian Classics Mild Pork Italian Sausage Links (Avg. 1.43lb)", "price": "$7.14 /ea", "price_per_ounce": "$4.99/lb", "image": "https://shop.wegmans.com/cdn-cgi/image/dpr=1,f=auto,q=80,h=200,w=200/https://d2d8wwwkmhfcva.cloudfront.net/800x/filters:fill(FFF,true):format(jpg)/d2lnr5mha7bycj.cloudfront.net/product-image/file/large_39709a0f-e663-479a-bc76-1086f4af7081.jpg"}, "9": {"name": "Jones Dairy Farm Golden Brown Pork Sausages Patties, Mild", "price": "$3.49 /ea", "price_per_ounce": "6 ct ($0.58/ct)", "image": "https://shop.wegmans.com/cdn-cgi/image/dpr=1,f=auto,q=80,h=200,w=200/https://d2d8wwwkmhfcva.cloudfront.net/800x/filters:fill(FFF,true):format(jpg)/d2lnr5mha7bycj.cloudfront.net/product-image/file/large_09aac28c-379a-4217-a78b-c9857040dc7c.jpg"}, "10": {"name": "Wegmans Breakfast Pork Sausage", "price": "$4.99 /ea", "price_per_ounce": "16 oz ($0.31/oz)", "image": "https://shop.wegmans.com/cdn-cgi/image/dpr=1,f=auto,q=80,h=200,w=200/https://d2d8wwwkmhfcva.cloudfront.net/800x/filters:fill(FFF,true):format(jpg)/d2lnr5mha7bycj.cloudfront.net/product-image/file/large_67e3931f-36b6-4abf-843d-6fc68e122cb3.jpg"}, "11": {"name": "Jones Dairy Farm Pork Sausages, All Natural, Little", "price": "$4.49 /ea", "price_per_ounce": "12 oz ($0.37/oz)", "image": "https://shop.wegmans.com/cdn-cgi/image/dpr=1,f=auto,q=80,h=200,w=200/https://d2d8wwwkmhfcva.cloudfront.net/800x/filters:fill(FFF,true):format(jpg)/d2lnr5mha7bycj.cloudfront.net/product-image/file/large_03fa0466-3f7a-4aef-b994-3cfad9af0117.jpg"}}, "Beef hot dogs": {"0": {"name": "Ball Park Bun Length Beef Hot Dogs, 8 Count", "price": "$4.99 /ea", "price_per_ounce": "8 ct ($0.62/ct)", "image": "https://shop.wegmans.com/cdn-cgi/image/dpr=1,f=auto,q=80,h=200,w=200/https://d2d8wwwkmhfcva.cloudfront.net/800x/filters:fill(FFF,true):format(jpg)/d2lnr5mha7bycj.cloudfront.net/product-image/file/large_889375f1-959b-4faa-8713-351287e6bafe.jpg"}, "1": {"name": "Ball Park Beef Franks", "price": "$4.99 /ea", "price_per_ounce": "8 ct ($0.62/ct)", "image": "https://shop.wegmans.com/cdn-cgi/image/dpr=1,f=auto,q=80,h=200,w=200/https://d2d8wwwkmhfcva.cloudfront.net/800x/filters:fill(FFF,true):format(jpg)/d2lnr5mha7bycj.cloudfront.net/product-image/file/large_d5e635eb-0529-4165-bfa6-77fe83f4ea07.jpg"}, "2": {"name": "Oscar Mayer Beef Franks, Uncured, Classic", "price": "$4.49 /ea", "price_per_ounce": "10 ct ($0.45/ct)", "image": "https://shop.wegmans.com/cdn-cgi/image/dpr=1,f=auto,q=80,h=200,w=200/https://d2d8wwwkmhfcva.cloudfront.net/800x/filters:fill(FFF,true):format(jpg)/d2lnr5mha7bycj.cloudfront.net/product-image/file/large_cf79918c-7ff8-45a2-99b2-b1c77220d9df.jpg"}, "3": {"name": "Ball Park Beef Hot Dogs, 16 Count", "price": "$7.99 /ea", "price_per_ounce": "30 oz ($0.27/oz)", "image": "https://shop.wegmans.com/cdn-cgi/image/dpr=1,f=auto,q=80,h=200,w=200/https://d2d8wwwkmhfcva.cloudfront.net/800x/filters:fill(FFF,true):format(jpg)/d2lnr5mha7bycj.cloudfront.net/product-image/file/large_b0fe2e69-c919-4c1c-90af-3744dbc6c97e.jpg"}, "4": {"name": "Ball Park Bun Length Beef Hot Dogs, 8 Count", "price": "$4.99 /ea", "price_per_ounce": "8 ct ($0.62/ct)", "image": "https://shop.wegmans.com/cdn-cgi/image/dpr=1,f=auto,q=80,h=200,w=200/https://d2d8wwwkmhfcva.cloudfront.net/800x/filters:fill(FFF,true):format(jpg)/d2lnr5mha7bycj.cloudfront.net/product-image/file/large_889375f1-959b-4faa-8713-351287e6bafe.jpg"}, "5": {"name": "Ball Park Beef Franks", "price": "$4.99 /ea", "price_per_ounce": "8 ct ($0.62/ct)", "image": "https://shop.wegmans.com/cdn-cgi/image/dpr=1,f=auto,q=80,h=200,w=200/https://d2d8wwwkmhfcva.cloudfront.net/800x/filters:fill(FFF,true):format(jpg)/d2lnr5mha7bycj.cloudfront.net/product-image/file/large_d5e635eb-0529-4165-bfa6-77fe83f4ea07.jpg"}, "6": {"name": "Oscar Mayer Beef Franks, Uncured, Classic", "price": "$4.49 /ea", "price_per_ounce": "10 ct ($0.45/ct)", "image": "https://shop.wegmans.com/cdn-cgi/image/dpr=1,f=auto,q=80,h=200,w=200/https://d2d8wwwkmhfcva.cloudfront.net/800x/filters:fill(FFF,true):format(jpg)/d2lnr5mha7bycj.cloudfront.net/product-image/file/large_cf79918c-7ff8-45a2-99b2-b1c77220d9df.jpg"}, "7": {"name": "Ball Park Beef Hot Dogs, 16 Count", "price": "$7.99 /ea", "price_per_ounce": "30 oz ($0.27/oz)", "image": "https://shop.wegmans.com/cdn-cgi/image/dpr=1,f=auto,q=80,h=200,w=200/https://d2d8wwwkmhfcva.cloudfront.net/800x/filters:fill(FFF,true):format(jpg)/d2lnr5mha7bycj.cloudfront.net/product-image/file/large_b0fe2e69-c919-4c1c-90af-3744dbc6c97e.jpg"}, "8": {"name": "Ball Park Bun Length Beef Hot Dogs, 8 Count", "price": "$4.99 /ea", "price_per_ounce": "8 ct ($0.62/ct)", "image": "https://shop.wegmans.com/cdn-cgi/image/dpr=1,f=auto,q=80,h=200,w=200/https://d2d8wwwkmhfcva.cloudfront.net/800x/filters:fill(FFF,true):format(jpg)/d2lnr5mha7bycj.cloudfront.net/product-image/file/large_889375f1-959b-4faa-8713-351287e6bafe.jpg"}, "9": {"name": "Ball Park Beef Franks", "price": "$4.99 /ea", "price_per_ounce": "8 ct ($0.62/ct)", "image": "https://shop.wegmans.com/cdn-cgi/image/dpr=1,f=auto,q=80,h=200,w=200/https://d2d8wwwkmhfcva.cloudfront.net/800x/filters:fill(FFF,true):format(jpg)/d2lnr5mha7bycj.cloudfront.net/product-image/file/large_d5e635eb-0529-4165-bfa6-77fe83f4ea07.jpg"}, "10": {"name": "Oscar Mayer Beef Franks, Uncured, Classic", "price": "$4.49 /ea", "price_per_ounce": "10 ct ($0.45/ct)", "image": "https://shop.wegmans.com/cdn-cgi/image/dpr=1,f=auto,q=80,h=200,w=200/https://d2d8wwwkmhfcva.cloudfront.net/800x/filters:fill(FFF,true):format(jpg)/d2lnr5mha7bycj.cloudfront.net/product-image/file/large_cf79918c-7ff8-45a2-99b2-b1c77220d9df.jpg"}, "11": {"name": "Ball Park Beef Hot Dogs, 16 Count", "price": "$7.99 /ea", "price_per_ounce": "30 oz ($0.27/oz)", "image": "https://shop.wegmans.com/cdn-cgi/image/dpr=1,f=auto,q=80,h=200,w=200/https://d2d8wwwkmhfcva.cloudfront.net/800x/filters:fill(FFF,true):format(jpg)/d2lnr5mha7bycj.cloudfront.net/product-image/file/large_b0fe2e69-c919-4c1c-90af-3744dbc6c97e.jpg"}}, "Frozen mixed vegetables": {"0": {"name": "Wegmans Frozen Mixed Vegetables", "price": "$1.19 /ea", "price_per_ounce": "16 oz ($0.07/oz)", "image": "https://shop.wegmans.com/cdn-cgi/image/dpr=1,f=auto,q=80,h=200,w=200/https://d2d8wwwkmhfcva.cloudfront.net/800x/filters:fill(FFF,true):format(jpg)/d2lnr5mha7bycj.cloudfront.net/product-image/file/large_2d818a29-c93e-4ace-ac3e-58d1b6007f06.jpg"}, "1": {"name": "Wegmans Microwaveable Mixed Vegetables", "price": "$0.99 /ea", "price_per_ounce": "12 oz ($0.08/oz)", "image": "https://shop.wegmans.com/cdn-cgi/image/dpr=1,f=auto,q=80,h=200,w=200/https://d2d8wwwkmhfcva.cloudfront.net/800x/filters:fill(FFF,true):format(jpg)/d2lnr5mha7bycj.cloudfront.net/product-image/file/large_3502e2d5-0ed7-4418-859a-650fa7d25818.jpg"}, "2": {"name": "Wegmans Frozen Mixed Vegetables", "price": "$1.99 /ea", "price_per_ounce": "12 oz ($0.17/oz)", "image": "https://shop.wegmans.com/cdn-cgi/image/dpr=1,f=auto,q=80,h=200,w=200/https://d2d8wwwkmhfcva.cloudfront.net/800x/filters:fill(FFF,true):format(jpg)/d2lnr5mha7bycj.cloudfront.net/product-image/file/large_a14dd240-191b-4b21-9d9a-a19c0ca4832d.jpg"}, "3": {"name": "Wegmans Frozen Mixed Vegetables, FAMILY PACK", "price": "$5.49 /ea", "price_per_ounce": "80 oz ($0.07/oz)", "image": "https://shop.wegmans.com/cdn-cgi/image/dpr=1,f=auto,q=80,h=200,w=200/https://d2d8wwwkmhfcva.cloudfront.net/800x/filters:fill(FFF,true):format(jpg)/d2lnr5mha7bycj.cloudfront.net/product-image/file/large_cbc12164-35a1-436c-8af0-6aa326dde38c.jpg"}, "4": {"name": "Wegmans Frozen Mixed Vegetables", "price": "$1.19 /ea", "price_per_ounce": "16 oz ($0.07/oz)", "image": "https://shop.wegmans.com/cdn-cgi/image/dpr=1,f=auto,q=80,h=200,w=200/https://d2d8wwwkmhfcva.cloudfront.net/800x/filters:fill(FFF,true):format(jpg)/d2lnr5mha7bycj.cloudfront.net/product-image/file/large_2d818a29-c93e-4ace-ac3e-58d1b6007f06.jpg"}, "5": {"name": "Wegmans Microwaveable Mixed Vegetables", "price": "$0.99 /ea", "price_per_ounce": "12 oz ($0.08/oz)", "image": "https://shop.wegmans.com/cdn-cgi/image/dpr=1,f=auto,q=80,h=200,w=200/https://d2d8wwwkmhfcva.cloudfront.net/800x/filters:fill(FFF,true):format(jpg)/d2lnr5mha7bycj.cloudfront.net/product-image/file/large_3502e2d5-0ed7-4418-859a-650fa7d25818.jpg"}, "6": {"name": "Wegmans Frozen Mixed Vegetables", "price": "$1.99 /ea", "price_per_ounce": "12 oz ($0.17/oz)", "image": "https://shop.wegmans.com/cdn-cgi/image/dpr=1,f=auto,q=80,h=200,w=200/https://d2d8wwwkmhfcva.cloudfront.net/800x/filters:fill(FFF,true):format(jpg)/d2lnr5mha7bycj.cloudfront.net/product-image/file/large_a14dd240-191b-4b21-9d9a-a19c0ca4832d.jpg"}, "7": {"name": "Wegmans Frozen Mixed Vegetables, FAMILY PACK", "price": "$5.49 /ea", "price_per_ounce": "80 oz ($0.07/oz)", "image": "https://shop.wegmans.com/cdn-cgi/image/dpr=1,f=auto,q=80,h=200,w=200/https://d2d8wwwkmhfcva.cloudfront.net/800x/filters:fill(FFF,true):format(jpg)/d2lnr5mha7bycj.cloudfront.net/product-image/file/large_cbc12164-35a1-436c-8af0-6aa326dde38c.jpg"}, "8": {"name": "Wegmans Frozen Mixed Vegetables", "price": "$1.19 /ea", "price_per_ounce": "16 oz ($0.07/oz)", "image": "https://shop.wegmans.com/cdn-cgi/image/dpr=1,f=auto,q=80,h=200,w=200/https://d2d8wwwkmhfcva.cloudfront.net/800x/filters:fill(FFF,true):format(jpg)/d2lnr5mha7bycj.cloudfront.net/product-image/file/large_2d818a29-c93e-4ace-ac3e-58d1b6007f06.jpg"}, "9": {"name": "Wegmans Microwaveable Mixed Vegetables", "price": "$0.99 /ea", "price_per_ounce": "12 oz ($0.08/oz)", "image": "https://shop.wegmans.com/cdn-cgi/image/dpr=1,f=auto,q=80,h=200,w=200/https://d2d8wwwkmhfcva.cloudfront.net/800x/filters:fill(FFF,true):format(jpg)/d2lnr5mha7bycj.cloudfront.net/product-image/file/large_3502e2d5-0ed7-4418-859a-650fa7d25818.jpg"}, "10": {"name": "Wegmans Frozen Mixed Vegetables", "price": "$1.99 /ea", "price_per_ounce": "12 oz ($0.17/oz)", "image": "https://shop.wegmans.com/cdn-cgi/image/dpr=1,f=auto,q=80,h=200,w=200/https://d2d8wwwkmhfcva.cloudfront.net/800x/filters:fill(FFF,true):format(jpg)/d2lnr5mha7bycj.cloudfront.net/product-image/file/large_a14dd240-191b-4b21-9d9a-a19c0ca4832d.jpg"}, "11": {"name": "Wegmans Frozen Mixed Vegetables, FAMILY PACK", "price": "$5.49 /ea", "price_per_ounce": "80 oz ($0.07/oz)", "image": "https://shop.wegmans.com/cdn-cgi/image/dpr=1,f=auto,q=80,h=200,w=200/https://d2d8wwwkmhfcva.cloudfront.net/800x/filters:fill(FFF,true):format(jpg)/d2lnr5mha7bycj.cloudfront.net/product-image/file/large_cbc12164-35a1-436c-8af0-6aa326dde38c.jpg"}}, "Frozen mixed berries": {"0": {"name": "Wegmans Frozen Mixed Berries, FAMILY PACK", "price": "$11.99 /ea", "price_per_ounce": "48 oz ($0.25/oz)", "image": "https://shop.wegmans.com/cdn-cgi/image/dpr=1,f=auto,q=80,h=200,w=200/https://d2d8wwwkmhfcva.cloudfront.net/800x/filters:fill(FFF,true):format(jpg)/d2lnr5mha7bycj.cloudfront.net/product-image/file/large_08de620c-c76f-4811-bdb0-5ec660b04564.jpg"}, "1": {"name": "Wegmans Just Picked* and quickly frozen Mixed Berries", "price": "$4.29 /ea", "price_per_ounce": "16 oz ($0.27/oz)", "image": "https://shop.wegmans.com/cdn-cgi/image/dpr=1,f=auto,q=80,h=200,w=200/https://d2d8wwwkmhfcva.cloudfront.net/800x/filters:fill(FFF,true):format(jpg)/d2lnr5mha7bycj.cloudfront.net/product-image/file/large_a4c35225-1e02-4939-a0a7-3e05c7f5a3b8.jpg"}, "2": {"name": "Wegmans Frozen Triple Berry Blend", "price": "$5.49 /ea", "price_per_ounce": "16 oz ($0.34/oz)", "image": "https://shop.wegmans.com/cdn-cgi/image/dpr=1,f=auto,q=80,h=200,w=200/https://d2d8wwwkmhfcva.cloudfront.net/800x/filters:fill(FFF,true):format(jpg)/d2lnr5mha7bycj.cloudfront.net/product-image/file/large_49d8e27b-fcab-4c08-b086-4f642f1e584f.jpg"}, "3": {"name": "Wegmans Organic Frozen Mixed Berries", "price": "$4.99 /ea", "price_per_ounce": "12 oz ($0.42/oz)", "image": "https://shop.wegmans.com/cdn-cgi/image/dpr=1,f=auto,q=80,h=200,w=200/https://d2d8wwwkmhfcva.cloudfront.net/800x/filters:fill(FFF,true):format(jpg)/d2lnr5mha7bycj.cloudfront.net/product-image/file/large_edcb8129-7724-4b35-9fc4-970698ddea91.jpg"}, "4": {"name": "Wegmans Frozen Mixed Berries, FAMILY PACK", "price": "$11.99 /ea", "price_per_ounce": "48 oz ($0.25/oz)", "image": "https://shop.wegmans.com/cdn-cgi/image/dpr=1,f=auto,q=80,h=200,w=200/https://d2d8wwwkmhfcva.cloudfront.net/800x/filters:fill(FFF,true):format(jpg)/d2lnr5mha7bycj.cloudfront.net/product-image/file/large_08de620c-c76f-4811-bdb0-5ec660b04564.jpg"}, "5": {"name": "Wegmans Just Picked* and quickly frozen Mixed Berries", "price": "$4.29 /ea", "price_per_ounce": "16 oz ($0.27/oz)", "image": "https://shop.wegmans.com/cdn-cgi/image/dpr=1,f=auto,q=80,h=200,w=200/https://d2d8wwwkmhfcva.cloudfront.net/800x/filters:fill(FFF,true):format(jpg)/d2lnr5mha7bycj.cloudfront.net/product-image/file/large_a4c35225-1e02-4939-a0a7-3e05c7f5a3b8.jpg"}, "6": {"name": "Wegmans Frozen Triple Berry Blend", "price": "$5.49 /ea", "price_per_ounce": "16 oz ($0.34/oz)", "image": "https://shop.wegmans.com/cdn-cgi/image/dpr=1,f=auto,q=80,h=200,w=200/https://d2d8wwwkmhfcva.cloudfront.net/800x/filters:fill(FFF,true):format(jpg)/d2lnr5mha7bycj.cloudfront.net/product-image/file/large_49d8e27b-fcab-4c08-b086-4f642f1e584f.jpg"}, "7": {"name": "Wegmans Organic Frozen Mixed Berries", "price": "$4.99 /ea", "price_per_ounce": "12 oz ($0.42/oz)", "image": "https://shop.wegmans.com/cdn-cgi/image/dpr=1,f=auto,q=80,h=200,w=200/https://d2d8wwwkmhfcva.cloudfront.net/800x/filters:fill(FFF,true):format(jpg)/d2lnr5mha7bycj.cloudfront.net/product-image/file/large_edcb8129-7724-4b35-9fc4-970698ddea91.jpg"}, "8": {"name": "Wegmans Frozen Mixed Berries, FAMILY PACK", "price": "$11.99 /ea", "price_per_ounce": "48 oz ($0.25/oz)", "image": "https://shop.wegmans.com/cdn-cgi/image/dpr=1,f=auto,q=80,h=200,w=200/https://d2d8wwwkmhfcva.cloudfront.net/800x/filters:fill(FFF,true):format(jpg)/d2lnr5mha7bycj.cloudfront.net/product-image/file/large_08de620c-c76f-4811-bdb0-5ec660b04564.jpg"}, "9": {"name": "Wegmans Just Picked* and quickly frozen Mixed Berries", "price": "$4.29 /ea", "price_per_ounce": "16 oz ($0.27/oz)", "image": "https://shop.wegmans.com/cdn-cgi/image/dpr=1,f=auto,q=80,h=200,w=200/https://d2d8wwwkmhfcva.cloudfront.net/800x/filters:fill(FFF,true):format(jpg)/d2lnr5mha7bycj.cloudfront.net/product-image/file/large_a4c35225-1e02-4939-a0a7-3e05c7f5a3b8.jpg"}, "10": {"name": "Wegmans Frozen Triple Berry Blend", "price": "$5.49 /ea", "price_per_ounce": "16 oz ($0.34/oz)", "image": "https://shop.wegmans.com/cdn-cgi/image/dpr=1,f=auto,q=80,h=200,w=200/https://d2d8wwwkmhfcva.cloudfront.net/800x/filters:fill(FFF,true):format(jpg)/d2lnr5mha7bycj.cloudfront.net/product-image/file/large_49d8e27b-fcab-4c08-b086-4f642f1e584f.jpg"}, "11": {"name": "Wegmans Organic Frozen Mixed Berries", "price": "$4.99 /ea", "price_per_ounce": "12 oz ($0.42/oz)", "image": "https://shop.wegmans.com/cdn-cgi/image/dpr=1,f=auto,q=80,h=200,w=200/https://d2d8wwwkmhfcva.cloudfront.net/800x/filters:fill(FFF,true):format(jpg)/d2lnr5mha7bycj.cloudfront.net/product-image/file/large_edcb8129-7724-4b35-9fc4-970698ddea91.jpg"}}, "Vanilla ice cream": {"0": {"name": "Wegmans Pumpkin Pie Ice Cream, Limited Edition", "price": "$3.49 /ea", "price_per_ounce": "48 fl oz ($0.07/fl oz)", "image": "https://shop.wegmans.com/cdn-cgi/image/dpr=1,f=auto,q=80,h=200,w=200/https://d2d8wwwkmhfcva.cloudfront.net/800x/filters:fill(FFF,true):format(jpg)/d2lnr5mha7bycj.cloudfront.net/product-image/file/large_18c381d5-4fd4-4cb4-9278-6f8be9b46f1c.jpg"}, "1": {"name": "Wegmans Egg Nog Ice Cream, Limited Edition", "price": "$3.49 /ea", "price_per_ounce": "48 fl oz ($0.07/fl oz)", "image": "https://shop.wegmans.com/cdn-cgi/image/dpr=1,f=auto,q=80,h=200,w=200/https://d2d8wwwkmhfcva.cloudfront.net/800x/filters:fill(FFF,true):format(jpg)/d2lnr5mha7bycj.cloudfront.net/product-image/file/large_282193b0-693a-4ed8-8b41-69573fd45d71.jpg"}, "2": {"name": "Wegmans Cr\u00e8me De Menthe Ice Cream", "price": "$3.49 /ea", "price_per_ounce": "48 fl oz ($0.07/fl oz)", "image": "https://shop.wegmans.com/cdn-cgi/image/dpr=1,f=auto,q=80,h=200,w=200/https://d2d8wwwkmhfcva.cloudfront.net/800x/filters:fill(FFF,true):format(jpg)/d2lnr5mha7bycj.cloudfront.net/product-image/file/large_747910d2-963b-4265-86d6-271e693ca5fe.jpg"}, "3": {"name": "Wegmans Vanilla Ice Cream", "price": "$3.49 /ea", "price_per_ounce": "48 fl oz ($0.07/fl oz)", "image": "https://shop.wegmans.com/cdn-cgi/image/dpr=1,f=auto,q=80,h=200,w=200/https://d2d8wwwkmhfcva.cloudfront.net/800x/filters:fill(FFF,true):format(jpg)/d2lnr5mha7bycj.cloudfront.net/product-image/file/large_8c0ee317-076f-43f3-9e65-22c7cccde880.jpg"}, "4": {"name": "Wegmans Pumpkin Pie Ice Cream, Limited Edition", "price": "$3.49 /ea", "price_per_ounce": "48 fl oz ($0.07/fl oz)", "image": "https://shop.wegmans.com/cdn-cgi/image/dpr=1,f=auto,q=80,h=200,w=200/https://d2d8wwwkmhfcva.cloudfront.net/800x/filters:fill(FFF,true):format(jpg)/d2lnr5mha7bycj.cloudfront.net/product-image/file/large_18c381d5-4fd4-4cb4-9278-6f8be9b46f1c.jpg"}, "5": {"name": "Wegmans Egg Nog Ice Cream, Limited Edition", "price": "$3.49 /ea", "price_per_ounce": "48 fl oz ($0.07/fl oz)", "image": "https://shop.wegmans.com/cdn-cgi/image/dpr=1,f=auto,q=80,h=200,w=200/https://d2d8wwwkmhfcva.cloudfront.net/800x/filters:fill(FFF,true):format(jpg)/d2lnr5mha7bycj.cloudfront.net/product-image/file/large_282193b0-693a-4ed8-8b41-69573fd45d71.jpg"}, "6": {"name": "Wegmans Cr\u00e8me De Menthe Ice Cream", "price": "$3.49 /ea", "price_per_ounce": "48 fl oz ($0.07/fl oz)", "image": "https://shop.wegmans.com/cdn-cgi/image/dpr=1,f=auto,q=80,h=200,w=200/https://d2d8wwwkmhfcva.cloudfront.net/800x/filters:fill(FFF,true):format(jpg)/d2lnr5mha7bycj.cloudfront.net/product-image/file/large_747910d2-963b-4265-86d6-271e693ca5fe.jpg"}, "7": {"name": "Wegmans Vanilla Ice Cream", "price": "$3.49 /ea", "price_per_ounce": "48 fl oz ($0.07/fl oz)", "image": "https://shop.wegmans.com/cdn-cgi/image/dpr=1,f=auto,q=80,h=200,w=200/https://d2d8wwwkmhfcva.cloudfront.net/800x/filters:fill(FFF,true):format(jpg)/d2lnr5mha7bycj.cloudfront.net/product-image/file/large_8c0ee317-076f-43f3-9e65-22c7cccde880.jpg"}, "8": {"name": "Wegmans Pumpkin Pie Ice Cream, Limited Edition", "price": "$3.49 /ea", "price_per_ounce": "48 fl oz ($0.07/fl oz)", "image": "https://shop.wegmans.com/cdn-cgi/image/dpr=1,f=auto,q=80,h=200,w=200/https://d2d8wwwkmhfcva.cloudfront.net/800x/filters:fill(FFF,true):format(jpg)/d2lnr5mha7bycj.cloudfront.net/product-image/file/large_18c381d5-4fd4-4cb4-9278-6f8be9b46f1c.jpg"}, "9": {"name": "Wegmans Egg Nog Ice Cream, Limited Edition", "price": "$3.49 /ea", "price_per_ounce": "48 fl oz ($0.07/fl oz)", "image": "https://shop.wegmans.com/cdn-cgi/image/dpr=1,f=auto,q=80,h=200,w=200/https://d2d8wwwkmhfcva.cloudfront.net/800x/filters:fill(FFF,true):format(jpg)/d2lnr5mha7bycj.cloudfront.net/product-image/file/large_282193b0-693a-4ed8-8b41-69573fd45d71.jpg"}, "10": {"name": "Wegmans Cr\u00e8me De Menthe Ice Cream", "price": "$3.49 /ea", "price_per_ounce": "48 fl oz ($0.07/fl oz)", "image": "https://shop.wegmans.com/cdn-cgi/image/dpr=1,f=auto,q=80,h=200,w=200/https://d2d8wwwkmhfcva.cloudfront.net/800x/filters:fill(FFF,true):format(jpg)/d2lnr5mha7bycj.cloudfront.net/product-image/file/large_747910d2-963b-4265-86d6-271e693ca5fe.jpg"}, "11": {"name": "Wegmans Vanilla Ice Cream", "price": "$3.49 /ea", "price_per_ounce": "48 fl oz ($0.07/fl oz)", "image": "https://shop.wegmans.com/cdn-cgi/image/dpr=1,f=auto,q=80,h=200,w=200/https://d2d8wwwkmhfcva.cloudfront.net/800x/filters:fill(FFF,true):format(jpg)/d2lnr5mha7bycj.cloudfront.net/product-image/file/large_8c0ee317-076f-43f3-9e65-22c7cccde880.jpg"}}, "Pepperoni pizza": {"0": {"name": "Wegmans Frozen Gluten Free Uncured Pepperoni Pizza", "price": "$6.99 /ea", "price_per_ounce": "13.3 oz ($0.53/oz)", "image": "https://shop.wegmans.com/cdn-cgi/image/dpr=1,f=auto,q=80,h=200,w=200/https://d2d8wwwkmhfcva.cloudfront.net/800x/filters:fill(FFF,true):format(jpg)/d2lnr5mha7bycj.cloudfront.net/product-image/file/large_b9a86684-527e-4f0a-b717-621e8336f922.jpg"}, "1": {"name": "Wegmans Italian Classics Margherita Pizza, Wood-Fired Crust", "price": "$5.99 /ea", "price_per_ounce": "14.6 oz ($0.41/oz)", "image": "https://shop.wegmans.com/cdn-cgi/image/dpr=1,f=auto,q=80,h=200,w=200/https://d2d8wwwkmhfcva.cloudfront.net/800x/filters:fill(FFF,true):format(jpg)/d2lnr5mha7bycj.cloudfront.net/product-image/file/large_758056aa-cbeb-4acb-83aa-85024cac5244.jpg"}, "2": {"name": "Wegmans Italian Classics Cheese Pizza, Wood-Fired Crust", "price": "$5.99 /ea", "price_per_ounce": "14.4 oz ($0.42/oz)", "image": "https://shop.wegmans.com/cdn-cgi/image/dpr=1,f=auto,q=80,h=200,w=200/https://d2d8wwwkmhfcva.cloudfront.net/800x/filters:fill(FFF,true):format(jpg)/d2lnr5mha7bycj.cloudfront.net/product-image/file/large_321f4e56-95cc-4f3e-a5ff-f6b01ade9bb7.jpg"}, "3": {"name": "Wegmans Thin Crust Supreme Frozen Pizza", "price": "$4.79 /ea", "price_per_ounce": "15.8 oz ($0.30/oz)", "image": "https://shop.wegmans.com/cdn-cgi/image/dpr=1,f=auto,q=80,h=200,w=200/https://d2d8wwwkmhfcva.cloudfront.net/800x/filters:fill(FFF,true):format(jpg)/d2lnr5mha7bycj.cloudfront.net/product-image/file/large_9c94dcc7-ccba-463c-8d6d-6d5dc7209263.jpg"}, "4": {"name": "Wegmans Frozen Gluten Free Uncured Pepperoni Pizza", "price": "$6.99 /ea", "price_per_ounce": "13.3 oz ($0.53/oz)", "image": "https://shop.wegmans.com/cdn-cgi/image/dpr=1,f=auto,q=80,h=200,w=200/https://d2d8wwwkmhfcva.cloudfront.net/800x/filters:fill(FFF,true):format(jpg)/d2lnr5mha7bycj.cloudfront.net/product-image/file/large_b9a86684-527e-4f0a-b717-621e8336f922.jpg"}, "5": {"name": "Wegmans Italian Classics Margherita Pizza, Wood-Fired Crust", "price": "$5.99 /ea", "price_per_ounce": "14.6 oz ($0.41/oz)", "image": "https://shop.wegmans.com/cdn-cgi/image/dpr=1,f=auto,q=80,h=200,w=200/https://d2d8wwwkmhfcva.cloudfront.net/800x/filters:fill(FFF,true):format(jpg)/d2lnr5mha7bycj.cloudfront.net/product-image/file/large_758056aa-cbeb-4acb-83aa-85024cac5244.jpg"}, "6": {"name": "Wegmans Italian Classics Cheese Pizza, Wood-Fired Crust", "price": "$5.99 /ea", "price_per_ounce": "14.4 oz ($0.42/oz)", "image": "https://shop.wegmans.com/cdn-cgi/image/dpr=1,f=auto,q=80,h=200,w=200/https://d2d8wwwkmhfcva.cloudfront.net/800x/filters:fill(FFF,true):format(jpg)/d2lnr5mha7bycj.cloudfront.net/product-image/file/large_321f4e56-95cc-4f3e-a5ff-f6b01ade9bb7.jpg"}, "7": {"name": "Wegmans Thin Crust Supreme Frozen Pizza", "price": "$4.79 /ea", "price_per_ounce": "15.8 oz ($0.30/oz)", "image": "https://shop.wegmans.com/cdn-cgi/image/dpr=1,f=auto,q=80,h=200,w=200/https://d2d8wwwkmhfcva.cloudfront.net/800x/filters:fill(FFF,true):format(jpg)/d2lnr5mha7bycj.cloudfront.net/product-image/file/large_9c94dcc7-ccba-463c-8d6d-6d5dc7209263.jpg"}, "8": {"name": "Wegmans Frozen Gluten Free Uncured Pepperoni Pizza", "price": "$6.99 /ea", "price_per_ounce": "13.3 oz ($0.53/oz)", "image": "https://shop.wegmans.com/cdn-cgi/image/dpr=1,f=auto,q=80,h=200,w=200/https://d2d8wwwkmhfcva.cloudfront.net/800x/filters:fill(FFF,true):format(jpg)/d2lnr5mha7bycj.cloudfront.net/product-image/file/large_b9a86684-527e-4f0a-b717-621e8336f922.jpg"}, "9": {"name": "Wegmans Italian Classics Margherita Pizza, Wood-Fired Crust", "price": "$5.99 /ea", "price_per_ounce": "14.6 oz ($0.41/oz)", "image": "https://shop.wegmans.com/cdn-cgi/image/dpr=1,f=auto,q=80,h=200,w=200/https://d2d8wwwkmhfcva.cloudfront.net/800x/filters:fill(FFF,true):format(jpg)/d2lnr5mha7bycj.cloudfront.net/product-image/file/large_758056aa-cbeb-4acb-83aa-85024cac5244.jpg"}, "10": {"name": "Wegmans Italian Classics Cheese Pizza, Wood-Fired Crust", "price": "$5.99 /ea", "price_per_ounce": "14.4 oz ($0.42/oz)", "image": "https://shop.wegmans.com/cdn-cgi/image/dpr=1,f=auto,q=80,h=200,w=200/https://d2d8wwwkmhfcva.cloudfront.net/800x/filters:fill(FFF,true):format(jpg)/d2lnr5mha7bycj.cloudfront.net/product-image/file/large_321f4e56-95cc-4f3e-a5ff-f6b01ade9bb7.jpg"}, "11": {"name": "Wegmans Thin Crust Supreme Frozen Pizza", "price": "$4.79 /ea", "price_per_ounce": "15.8 oz ($0.30/oz)", "image": "https://shop.wegmans.com/cdn-cgi/image/dpr=1,f=auto,q=80,h=200,w=200/https://d2d8wwwkmhfcva.cloudfront.net/800x/filters:fill(FFF,true):format(jpg)/d2lnr5mha7bycj.cloudfront.net/product-image/file/large_9c94dcc7-ccba-463c-8d6d-6d5dc7209263.jpg"}}, "Chicken noodle soup": {"0": {"name": "Wegmans OMG! Tomato Creamy Tomato Soup", "price": "$5.00 /ea", "price_per_ounce": "16 oz ($0.31/oz)", "image": "https://shop.wegmans.com/cdn-cgi/image/dpr=1,f=auto,q=80,h=200,w=200/https://d2d8wwwkmhfcva.cloudfront.net/800x/filters:fill(FFF,true):format(jpg)/d2lnr5mha7bycj.cloudfront.net/product-image/file/large_9cc7bc30-7e79-474f-a61f-5dd23e54c9c1.jpg"}, "1": {"name": "Wegmans Chicken Noodle Soup", "price": "$5.00 /ea", "price_per_ounce": "16 oz ($0.31/oz)", "image": "https://shop.wegmans.com/cdn-cgi/image/dpr=1,f=auto,q=80,h=200,w=200/https://d2d8wwwkmhfcva.cloudfront.net/800x/filters:fill(FFF,true):format(jpg)/d2lnr5mha7bycj.cloudfront.net/product-image/file/large_2742a278-a354-414e-8b4f-a8664e556926.jpg"}, "2": {"name": "Wegmans Italian-Style Wedding Soup with Meatballs", "price": "$6.99 /ea", "price_per_ounce": "16 oz ($0.44/oz)", "image": "https://shop.wegmans.com/cdn-cgi/image/dpr=1,f=auto,q=80,h=200,w=200/https://d2d8wwwkmhfcva.cloudfront.net/800x/filters:fill(FFF,true):format(jpg)/d2lnr5mha7bycj.cloudfront.net/product-image/file/large_34cb013f-b803-4419-ba56-00dd31e09fd1.jpg"}, "3": {"name": "Campbell's Condensed Chicken Noodle Soup", "price": "$5.00 /ea", "price_per_ounce": "4 x 10.75 oz ($1.00/ea)", "image": "https://shop.wegmans.com/cdn-cgi/image/dpr=1,f=auto,q=80,h=200,w=200/https://d2d8wwwkmhfcva.cloudfront.net/800x/filters:fill(FFF,true):format(jpg)/d2lnr5mha7bycj.cloudfront.net/product-image/file/large_aaca0308-76c1-4fd9-a280-2ad9a47c5d51.jpg"}, "4": {"name": "Wegmans OMG! Tomato Creamy Tomato Soup", "price": "$5.00 /ea", "price_per_ounce": "16 oz ($0.31/oz)", "image": "https://shop.wegmans.com/cdn-cgi/image/dpr=1,f=auto,q=80,h=200,w=200/https://d2d8wwwkmhfcva.cloudfront.net/800x/filters:fill(FFF,true):format(jpg)/d2lnr5mha7bycj.cloudfront.net/product-image/file/large_9cc7bc30-7e79-474f-a61f-5dd23e54c9c1.jpg"}, "5": {"name": "Wegmans Chicken Noodle Soup", "price": "$6.99 /ea", "price_per_ounce": "16 oz ($0.31/oz)", "image": "https://shop.wegmans.com/cdn-cgi/image/dpr=1,f=auto,q=80,h=200,w=200/https://d2d8wwwkmhfcva.cloudfront.net/800x/filters:fill(FFF,true):format(jpg)/d2lnr5mha7bycj.cloudfront.net/product-image/file/large_2742a278-a354-414e-8b4f-a8664e556926.jpg"}, "6": {"name": "Wegmans Italian-Style Wedding Soup with Meatballs", "price": "$5.00 /ea", "price_per_ounce": "16 oz ($0.44/oz)", "image": "https://shop.wegmans.com/cdn-cgi/image/dpr=1,f=auto,q=80,h=200,w=200/https://d2d8wwwkmhfcva.cloudfront.net/800x/filters:fill(FFF,true):format(jpg)/d2lnr5mha7bycj.cloudfront.net/product-image/file/large_34cb013f-b803-4419-ba56-00dd31e09fd1.jpg"}, "7": {"name": "Campbell's Condensed Chicken Noodle Soup", "price": "$5.00 /ea", "price_per_ounce": "4 x 10.75 oz ($1.00/ea)", "image": "https://shop.wegmans.com/cdn-cgi/image/dpr=1,f=auto,q=80,h=200,w=200/https://d2d8wwwkmhfcva.cloudfront.net/800x/filters:fill(FFF,true):format(jpg)/d2lnr5mha7bycj.cloudfront.net/product-image/file/large_aaca0308-76c1-4fd9-a280-2ad9a47c5d51.jpg"}, "8": {"name": "Wegmans OMG! Tomato Creamy Tomato Soup", "price": "$6.99 /ea", "price_per_ounce": "16 oz ($0.31/oz)", "image": "https://shop.wegmans.com/cdn-cgi/image/dpr=1,f=auto,q=80,h=200,w=200/https://d2d8wwwkmhfcva.cloudfront.net/800x/filters:fill(FFF,true):format(jpg)/d2lnr5mha7bycj.cloudfront.net/product-image/file/large_9cc7bc30-7e79-474f-a61f-5dd23e54c9c1.jpg"}}, "Green beans": {"0": {"name": "Wegmans Seasoned Green Beans Veggie Bowl", "price": "$9.00 /ea", "price_per_ounce": "12 oz ($0.75/oz)", "image": "https://shop.wegmans.com/cdn-cgi/image/dpr=1,f=auto,q=80,h=200,w=200/https://d2d8wwwkmhfcva.cloudfront.net/800x/filters:fill(FFF,true):format(jpg)/d2lnr5mha7bycj.cloudfront.net/product-image/file/large_11e13db4-35e1-488b-ba39-a7db9aad050a.jpg"}, "1": {"name": "Wegmans French Beans, FAMILY PACK", "price": "$4.99 /ea", "price_per_ounce": "24 oz bag ($0.21/oz bag)", "image": "https://shop.wegmans.com/cdn-cgi/image/dpr=1,f=auto,q=80,h=200,w=200/https://d2d8wwwkmhfcva.cloudfront.net/800x/filters:fill(FFF,true):format(jpg)/d2lnr5mha7bycj.cloudfront.net/product-image/file/large_adfc4402-b8c4-4327-ae13-19fedf54c1a3.jpg"}, "2": {"name": "Wegmans Cleaned & Cut Microwavable Trimmed Green Beans", "price": "$2.99 /ea", "price_per_ounce": "12 oz bag ($0.25/oz bag)", "image": "https://shop.wegmans.com/cdn-cgi/image/dpr=1,f=auto,q=80,h=200,w=200/https://d2d8wwwkmhfcva.cloudfront.net/800x/filters:fill(FFF,true):format(jpg)/d2lnr5mha7bycj.cloudfront.net/product-image/file/large_8f5e43b0-a9d6-44f6-bb01-7da279c40c86.jpg"}, "3": {"name": "Wegmans Trimmed Green Beans, FAMILY PACK", "price": "$5.99 /ea", "price_per_ounce": "32 oz bag ($0.19/oz bag)", "image": "https://shop.wegmans.com/cdn-cgi/image/dpr=1,f=auto,q=80,h=200,w=200/https://d2d8wwwkmhfcva.cloudfront.net/800x/filters:fill(FFF,true):format(jpg)/d2lnr5mha7bycj.cloudfront.net/product-image/file/large_3bf6397e-6213-47a3-9280-c9c434b0d5ec.jpg"}, "4": {"name": "Wegmans Seasoned Green Beans Veggie Bowl", "price": "$9.00 /ea", "price_per_ounce": "12 oz ($0.75/oz)", "image": "https://shop.wegmans.com/cdn-cgi/image/dpr=1,f=auto,q=80,h=200,w=200/https://d2d8wwwkmhfcva.cloudfront.net/800x/filters:fill(FFF,true):format(jpg)/d2lnr5mha7bycj.cloudfront.net/product-image/file/large_11e13db4-35e1-488b-ba39-a7db9aad050a.jpg"}, "5": {"name": "Wegmans French Beans, FAMILY PACK", "price": "$4.99 /ea", "price_per_ounce": "24 oz bag ($0.21/oz bag)", "image": "https://shop.wegmans.com/cdn-cgi/image/dpr=1,f=auto,q=80,h=200,w=200/https://d2d8wwwkmhfcva.cloudfront.net/800x/filters:fill(FFF,true):format(jpg)/d2lnr5mha7bycj.cloudfront.net/product-image/file/large_adfc4402-b8c4-4327-ae13-19fedf54c1a3.jpg"}, "6": {"name": "Wegmans Cleaned & Cut Microwavable Trimmed Green Beans", "price": "$2.99 /ea", "price_per_ounce": "12 oz bag ($0.25/oz bag)", "image": "https://shop.wegmans.com/cdn-cgi/image/dpr=1,f=auto,q=80,h=200,w=200/https://d2d8wwwkmhfcva.cloudfront.net/800x/filters:fill(FFF,true):format(jpg)/d2lnr5mha7bycj.cloudfront.net/product-image/file/large_8f5e43b0-a9d6-44f6-bb01-7da279c40c86.jpg"}, "7": {"name": "Wegmans Trimmed Green Beans, FAMILY PACK", "price": "$5.99 /ea", "price_per_ounce": "32 oz bag ($0.19/oz bag)", "image": "https://shop.wegmans.com/cdn-cgi/image/dpr=1,f=auto,q=80,h=200,w=200/https://d2d8wwwkmhfcva.cloudfront.net/800x/filters:fill(FFF,true):format(jpg)/d2lnr5mha7bycj.cloudfront.net/product-image/file/large_3bf6397e-6213-47a3-9280-c9c434b0d5ec.jpg"}, "8": {"name": "Wegmans Seasoned Green Beans Veggie Bowl", "price": "$9.00 /ea", "price_per_ounce": "12 oz ($0.75/oz)", "image": "https://shop.wegmans.com/cdn-cgi/image/dpr=1,f=auto,q=80,h=200,w=200/https://d2d8wwwkmhfcva.cloudfront.net/800x/filters:fill(FFF,true):format(jpg)/d2lnr5mha7bycj.cloudfront.net/product-image/file/large_11e13db4-35e1-488b-ba39-a7db9aad050a.jpg"}, "9": {"name": "Wegmans French Beans, FAMILY PACK", "price": "$4.99 /ea", "price_per_ounce": "24 oz bag ($0.21/oz bag)", "image": "https://shop.wegmans.com/cdn-cgi/image/dpr=1,f=auto,q=80,h=200,w=200/https://d2d8wwwkmhfcva.cloudfront.net/800x/filters:fill(FFF,true):format(jpg)/d2lnr5mha7bycj.cloudfront.net/product-image/file/large_adfc4402-b8c4-4327-ae13-19fedf54c1a3.jpg"}, "10": {"name": "Wegmans Cleaned & Cut Microwavable Trimmed Green Beans", "price": "$2.99 /ea", "price_per_ounce": "12 oz bag ($0.25/oz bag)", "image": "https://shop.wegmans.com/cdn-cgi/image/dpr=1,f=auto,q=80,h=200,w=200/https://d2d8wwwkmhfcva.cloudfront.net/800x/filters:fill(FFF,true):format(jpg)/d2lnr5mha7bycj.cloudfront.net/product-image/file/large_8f5e43b0-a9d6-44f6-bb01-7da279c40c86.jpg"}, "11": {"name": "Wegmans Trimmed Green Beans, FAMILY PACK", "price": "$5.99 /ea", "price_per_ounce": "32 oz bag ($0.19/oz bag)", "image": "https://shop.wegmans.com/cdn-cgi/image/dpr=1,f=auto,q=80,h=200,w=200/https://d2d8wwwkmhfcva.cloudfront.net/800x/filters:fill(FFF,true):format(jpg)/d2lnr5mha7bycj.cloudfront.net/product-image/file/large_3bf6397e-6213-47a3-9280-c9c434b0d5ec.jpg"}}, "Canned peaches in syrup": {"0": {"name": "Del Monte Sliced Peaches, Lite", "price": "$2.69 /ea", "price_per_ounce": "15 oz ($0.18/oz)", "image": "https://shop.wegmans.com/cdn-cgi/image/dpr=1,f=auto,q=80,h=200,w=200/https://d2d8wwwkmhfcva.cloudfront.net/800x/filters:fill(FFF,true):format(jpg)/d2lnr5mha7bycj.cloudfront.net/product-image/file/large_8e10808e-e74c-49ac-91f1-9eacf6549075.jpg"}, "1": {"name": "Libby's Yellow Cling Sliced Peaches in Heavy Syrup", "price": "$2.69 /ea", "price_per_ounce": "15.25 oz ($0.18/oz)", "image": "https://shop.wegmans.com/cdn-cgi/image/dpr=1,f=auto,q=80,h=200,w=200/https://d2d8wwwkmhfcva.cloudfront.net/800x/filters:fill(FFF,true):format(jpg)/d2lnr5mha7bycj.cloudfront.net/product-image/file/large_66dea91a-b6d9-46ab-97b5-b3ccf0a1e2e7.png"}, "2": {"name": "Wegmans Old-Fashioned Peach Slices", "price": "$8.99 /ea", "price_per_ounce": "32 oz ($0.28/oz)", "image": "https://shop.wegmans.com/cdn-cgi/image/dpr=1,f=auto,q=80,h=200,w=200/https://d2d8wwwkmhfcva.cloudfront.net/800x/filters:fill(FFF,true):format(jpg)/d2lnr5mha7bycj.cloudfront.net/product-image/file/large_4f0ef663-a83d-4225-84c8-3883b6a51fe7.jpg"}, "3": {"name": "WOS WIT Peaches, Brandied", "price": "$12.99 /ea", "price_per_ounce": "29 oz ($0.45/oz)", "image": "https://shop.wegmans.com/cdn-cgi/image/dpr=1,f=auto,q=80,h=200,w=200/https://d2d8wwwkmhfcva.cloudfront.net/800x/filters:fill(FFF,true):format(jpg)/d2lnr5mha7bycj.cloudfront.net/product-image/file/large_ba34310c-7d50-4549-94fc-0085363b7cdd.jpg"}, "4": {"name": "Del Monte Sliced Peaches, Lite", "price": "$2.69 /ea", "price_per_ounce": "15 oz ($0.18/oz)", "image": "https://shop.wegmans.com/cdn-cgi/image/dpr=1,f=auto,q=80,h=200,w=200/https://d2d8wwwkmhfcva.cloudfront.net/800x/filters:fill(FFF,true):format(jpg)/d2lnr5mha7bycj.cloudfront.net/product-image/file/large_8e10808e-e74c-49ac-91f1-9eacf6549075.jpg"}, "5": {"name": "Libby's Yellow Cling Sliced Peaches in Heavy Syrup", "price": "$2.69 /ea", "price_per_ounce": "15.25 oz ($0.18/oz)", "image": "https://shop.wegmans.com/cdn-cgi/image/dpr=1,f=auto,q=80,h=200,w=200/https://d2d8wwwkmhfcva.cloudfront.net/800x/filters:fill(FFF,true):format(jpg)/d2lnr5mha7bycj.cloudfront.net/product-image/file/large_66dea91a-b6d9-46ab-97b5-b3ccf0a1e2e7.png"}, "6": {"name": "Wegmans Old-Fashioned Peach Slices", "price": "$8.99 /ea", "price_per_ounce": "32 oz ($0.28/oz)", "image": "https://shop.wegmans.com/cdn-cgi/image/dpr=1,f=auto,q=80,h=200,w=200/https://d2d8wwwkmhfcva.cloudfront.net/800x/filters:fill(FFF,true):format(jpg)/d2lnr5mha7bycj.cloudfront.net/product-image/file/large_4f0ef663-a83d-4225-84c8-3883b6a51fe7.jpg"}, "7": {"name": "WOS WIT Peaches, Brandied", "price": "$12.99 /ea", "price_per_ounce": "29 oz ($0.45/oz)", "image": "https://shop.wegmans.com/cdn-cgi/image/dpr=1,f=auto,q=80,h=200,w=200/https://d2d8wwwkmhfcva.cloudfront.net/800x/filters:fill(FFF,true):format(jpg)/d2lnr5mha7bycj.cloudfront.net/product-image/file/large_ba34310c-7d50-4549-94fc-0085363b7cdd.jpg"}, "8": {"name": "Del Monte Sliced Peaches, Lite", "price": "$2.69 /ea", "price_per_ounce": "15 oz ($0.18/oz)", "image": "https://shop.wegmans.com/cdn-cgi/image/dpr=1,f=auto,q=80,h=200,w=200/https://d2d8wwwkmhfcva.cloudfront.net/800x/filters:fill(FFF,true):format(jpg)/d2lnr5mha7bycj.cloudfront.net/product-image/file/large_8e10808e-e74c-49ac-91f1-9eacf6549075.jpg"}, "9": {"name": "Libby's Yellow Cling Sliced Peaches in Heavy Syrup", "price": "$2.69 /ea", "price_per_ounce": "15.25 oz ($0.18/oz)", "image": "https://shop.wegmans.com/cdn-cgi/image/dpr=1,f=auto,q=80,h=200,w=200/https://d2d8wwwkmhfcva.cloudfront.net/800x/filters:fill(FFF,true):format(jpg)/d2lnr5mha7bycj.cloudfront.net/product-image/file/large_66dea91a-b6d9-46ab-97b5-b3ccf0a1e2e7.png"}, "10": {"name": "Wegmans Old-Fashioned Peach Slices", "price": "$8.99 /ea", "price_per_ounce": "32 oz ($0.28/oz)", "image": "https://shop.wegmans.com/cdn-cgi/image/dpr=1,f=auto,q=80,h=200,w=200/https://d2d8wwwkmhfcva.cloudfront.net/800x/filters:fill(FFF,true):format(jpg)/d2lnr5mha7bycj.cloudfront.net/product-image/file/large_4f0ef663-a83d-4225-84c8-3883b6a51fe7.jpg"}, "11": {"name": "WOS WIT Peaches, Brandied", "price": "$12.99 /ea", "price_per_ounce": "29 oz ($0.45/oz)", "image": "https://shop.wegmans.com/cdn-cgi/image/dpr=1,f=auto,q=80,h=200,w=200/https://d2d8wwwkmhfcva.cloudfront.net/800x/filters:fill(FFF,true):format(jpg)/d2lnr5mha7bycj.cloudfront.net/product-image/file/large_ba34310c-7d50-4549-94fc-0085363b7cdd.jpg"}}, "Creamy peanut butter": {"0": {"name": "Wegmans Organic Smooth Unsalted Almond Butter", "price": "$9.99 /ea", "price_per_ounce": "16 oz ($0.62/oz)", "image": "https://shop.wegmans.com/cdn-cgi/image/dpr=1,f=auto,q=80,h=200,w=200/https://d2d8wwwkmhfcva.cloudfront.net/800x/filters:fill(FFF,true):format(jpg)/d2lnr5mha7bycj.cloudfront.net/product-image/file/large_b9ff547a-ebcf-404c-a0b5-4b0e43d8ae38.jpg"}, "1": {"name": "Wegmans Organic Creamy Unsalted* Cashew Butter", "price": "$9.99 /ea", "price_per_ounce": "16 oz ($0.62/oz)", "image": "https://shop.wegmans.com/cdn-cgi/image/dpr=1,f=auto,q=80,h=200,w=200/https://d2d8wwwkmhfcva.cloudfront.net/800x/filters:fill(FFF,true):format(jpg)/d2lnr5mha7bycj.cloudfront.net/product-image/file/large_1a8c40c7-54bc-4dc7-be50-dab560ee7279.jpg"}, "2": {"name": "Wegmans Just Almonds Crunchy Almond Butter", "price": "$7.49 /ea", "price_per_ounce": "16 oz ($0.47/oz)", "image": "https://shop.wegmans.com/cdn-cgi/image/dpr=1,f=auto,q=80,h=200,w=200/https://d2d8wwwkmhfcva.cloudfront.net/800x/filters:fill(FFF,true):format(jpg)/d2lnr5mha7bycj.cloudfront.net/product-image/file/large_4511007f-627a-4bf5-8c30-9d26387c3d38.jpg"}, "3": {"name": "Wegmans Creamy Peanut Butter", "price": "$1.79 /ea", "price_per_ounce": "18 oz ($0.10/oz)", "image": "https://shop.wegmans.com/cdn-cgi/image/dpr=1,f=auto,q=80,h=200,w=200/https://d2d8wwwkmhfcva.cloudfront.net/800x/filters:fill(FFF,true):format(jpg)/d2lnr5mha7bycj.cloudfront.net/product-image/file/large_52d5a419-7e95-465f-9c4e-e51f1c56f85d.jpg"}, "4": {"name": "Wegmans Organic Smooth Unsalted Almond Butter", "price": "$9.99 /ea", "price_per_ounce": "16 oz ($0.62/oz)", "image": "https://shop.wegmans.com/cdn-cgi/image/dpr=1,f=auto,q=80,h=200,w=200/https://d2d8wwwkmhfcva.cloudfront.net/800x/filters:fill(FFF,true):format(jpg)/d2lnr5mha7bycj.cloudfront.net/product-image/file/large_b9ff547a-ebcf-404c-a0b5-4b0e43d8ae38.jpg"}, "5": {"name": "Wegmans Organic Creamy Unsalted* Cashew Butter", "price": "$9.99 /ea", "price_per_ounce": "16 oz ($0.62/oz)", "image": "https://shop.wegmans.com/cdn-cgi/image/dpr=1,f=auto,q=80,h=200,w=200/https://d2d8wwwkmhfcva.cloudfront.net/800x/filters:fill(FFF,true):format(jpg)/d2lnr5mha7bycj.cloudfront.net/product-image/file/large_1a8c40c7-54bc-4dc7-be50-dab560ee7279.jpg"}, "6": {"name": "Wegmans Just Almonds Crunchy Almond Butter", "price": "$7.49 /ea", "price_per_ounce": "16 oz ($0.47/oz)", "image": "https://shop.wegmans.com/cdn-cgi/image/dpr=1,f=auto,q=80,h=200,w=200/https://d2d8wwwkmhfcva.cloudfront.net/800x/filters:fill(FFF,true):format(jpg)/d2lnr5mha7bycj.cloudfront.net/product-image/file/large_4511007f-627a-4bf5-8c30-9d26387c3d38.jpg"}, "7": {"name": "Wegmans Creamy Peanut Butter", "price": "$1.79 /ea", "price_per_ounce": "18 oz ($0.10/oz)", "image": "https://shop.wegmans.com/cdn-cgi/image/dpr=1,f=auto,q=80,h=200,w=200/https://d2d8wwwkmhfcva.cloudfront.net/800x/filters:fill(FFF,true):format(jpg)/d2lnr5mha7bycj.cloudfront.net/product-image/file/large_52d5a419-7e95-465f-9c4e-e51f1c56f85d.jpg"}, "8": {"name": "Wegmans Organic Smooth Unsalted Almond Butter", "price": "$9.99 /ea", "price_per_ounce": "16 oz ($0.62/oz)", "image": "https://shop.wegmans.com/cdn-cgi/image/dpr=1,f=auto,q=80,h=200,w=200/https://d2d8wwwkmhfcva.cloudfront.net/800x/filters:fill(FFF,true):format(jpg)/d2lnr5mha7bycj.cloudfront.net/product-image/file/large_b9ff547a-ebcf-404c-a0b5-4b0e43d8ae38.jpg"}, "9": {"name": "Wegmans Organic Creamy Unsalted* Cashew Butter", "price": "$9.99 /ea", "price_per_ounce": "16 oz ($0.62/oz)", "image": "https://shop.wegmans.com/cdn-cgi/image/dpr=1,f=auto,q=80,h=200,w=200/https://d2d8wwwkmhfcva.cloudfront.net/800x/filters:fill(FFF,true):format(jpg)/d2lnr5mha7bycj.cloudfront.net/product-image/file/large_1a8c40c7-54bc-4dc7-be50-dab560ee7279.jpg"}, "10": {"name": "Wegmans Just Almonds Crunchy Almond Butter", "price": "$7.49 /ea", "price_per_ounce": "16 oz ($0.47/oz)", "image": "https://shop.wegmans.com/cdn-cgi/image/dpr=1,f=auto,q=80,h=200,w=200/https://d2d8wwwkmhfcva.cloudfront.net/800x/filters:fill(FFF,true):format(jpg)/d2lnr5mha7bycj.cloudfront.net/product-image/file/large_4511007f-627a-4bf5-8c30-9d26387c3d38.jpg"}, "11": {"name": "Wegmans Creamy Peanut Butter", "price": "$1.79 /ea", "price_per_ounce": "18 oz ($0.10/oz)", "image": "https://shop.wegmans.com/cdn-cgi/image/dpr=1,f=auto,q=80,h=200,w=200/https://d2d8wwwkmhfcva.cloudfront.net/800x/filters:fill(FFF,true):format(jpg)/d2lnr5mha7bycj.cloudfront.net/product-image/file/large_52d5a419-7e95-465f-9c4e-e51f1c56f85d.jpg"}}, "Strawberry jam": {"0": {"name": "Wegmans Concord Grape Jelly", "price": "$2.99 /ea", "price_per_ounce": "18 oz ($0.17/oz)", "image": "https://shop.wegmans.com/cdn-cgi/image/dpr=1,f=auto,q=80,h=200,w=200/https://d2d8wwwkmhfcva.cloudfront.net/800x/filters:fill(FFF,true):format(jpg)/d2lnr5mha7bycj.cloudfront.net/product-image/file/large_d295b865-a7ab-4c4f-863e-c2507ae97fe3.jpg"}, "1": {"name": "Wegmans Balsamic Cherry Topping (Avg. 0.5lb)", "price": "$7.00 /ea", "price_per_ounce": "$13.99/lb", "image": "https://shop.wegmans.com/cdn-cgi/image/dpr=1,f=auto,q=80,h=200,w=200/https://d2d8wwwkmhfcva.cloudfront.net/800x/filters:fill(FFF,true):format(jpg)/d2lnr5mha7bycj.cloudfront.net/product-image/file/large_a93db3f8-e529-4ac7-b667-49c5027f4f93.jpg"}, "2": {"name": "Wegmans Cranberry, Currant & Walnut Topping (Avg. 0.5lb)", "price": "$7.00 /ea", "price_per_ounce": "$13.99/lb", "image": "https://shop.wegmans.com/cdn-cgi/image/dpr=1,f=auto,q=80,h=200,w=200/https://d2d8wwwkmhfcva.cloudfront.net/800x/filters:fill(FFF,true):format(jpg)/d2lnr5mha7bycj.cloudfront.net/product-image/file/large_8a3643c9-899f-4087-8dbf-40361eddad04.jpg"}, "3": {"name": "Wegmans Concord Grape Jelly", "price": "$3.49 /ea", "price_per_ounce": "32 oz ($0.11/oz)", "image": "https://shop.wegmans.com/cdn-cgi/image/dpr=1,f=auto,q=80,h=200,w=200/https://d2d8wwwkmhfcva.cloudfront.net/800x/filters:fill(FFF,true):format(jpg)/d2lnr5mha7bycj.cloudfront.net/product-image/file/large_7e956757-f257-4791-bd1c-8dfeb8d390c1.jpg"}, "4": {"name": "Wegmans Concord Grape Jelly", "price": "$2.99 /ea", "price_per_ounce": "18 oz ($0.17/oz)", "image": "https://shop.wegmans.com/cdn-cgi/image/dpr=1,f=auto,q=80,h=200,w=200/https://d2d8wwwkmhfcva.cloudfront.net/800x/filters:fill(FFF,true):format(jpg)/d2lnr5mha7bycj.cloudfront.net/product-image/file/large_d295b865-a7ab-4c4f-863e-c2507ae97fe3.jpg"}, "5": {"name": "Wegmans Balsamic Cherry Topping (Avg. 0.5lb)", "price": "$7.00 /ea", "price_per_ounce": "$13.99/lb", "image": "https://shop.wegmans.com/cdn-cgi/image/dpr=1,f=auto,q=80,h=200,w=200/https://d2d8wwwkmhfcva.cloudfront.net/800x/filters:fill(FFF,true):format(jpg)/d2lnr5mha7bycj.cloudfront.net/product-image/file/large_a93db3f8-e529-4ac7-b667-49c5027f4f93.jpg"}, "6": {"name": "Wegmans Cranberry, Currant & Walnut Topping (Avg. 0.5lb)", "price": "$7.00 /ea", "price_per_ounce": "$13.99/lb", "image": "https://shop.wegmans.com/cdn-cgi/image/dpr=1,f=auto,q=80,h=200,w=200/https://d2d8wwwkmhfcva.cloudfront.net/800x/filters:fill(FFF,true):format(jpg)/d2lnr5mha7bycj.cloudfront.net/product-image/file/large_8a3643c9-899f-4087-8dbf-40361eddad04.jpg"}, "7": {"name": "Wegmans Concord Grape Jelly", "price": "$3.49 /ea", "price_per_ounce": "32 oz ($0.11/oz)", "image": "https://shop.wegmans.com/cdn-cgi/image/dpr=1,f=auto,q=80,h=200,w=200/https://d2d8wwwkmhfcva.cloudfront.net/800x/filters:fill(FFF,true):format(jpg)/d2lnr5mha7bycj.cloudfront.net/product-image/file/large_7e956757-f257-4791-bd1c-8dfeb8d390c1.jpg"}, "8": {"name": "Wegmans Concord Grape Jelly", "price": "$2.99 /ea", "price_per_ounce": "18 oz ($0.17/oz)", "image": "https://shop.wegmans.com/cdn-cgi/image/dpr=1,f=auto,q=80,h=200,w=200/https://d2d8wwwkmhfcva.cloudfront.net/800x/filters:fill(FFF,true):format(jpg)/d2lnr5mha7bycj.cloudfront.net/product-image/file/large_d295b865-a7ab-4c4f-863e-c2507ae97fe3.jpg"}, "9": {"name": "Wegmans Balsamic Cherry Topping (Avg. 0.5lb)", "price": "$7.00 /ea", "price_per_ounce": "$13.99/lb", "image": "https://shop.wegmans.com/cdn-cgi/image/dpr=1,f=auto,q=80,h=200,w=200/https://d2d8wwwkmhfcva.cloudfront.net/800x/filters:fill(FFF,true):format(jpg)/d2lnr5mha7bycj.cloudfront.net/product-image/file/large_a93db3f8-e529-4ac7-b667-49c5027f4f93.jpg"}, "10": {"name": "Wegmans Cranberry, Currant & Walnut Topping (Avg. 0.5lb)", "price": "$7.00 /ea", "price_per_ounce": "$13.99/lb", "image": "https://shop.wegmans.com/cdn-cgi/image/dpr=1,f=auto,q=80,h=200,w=200/https://d2d8wwwkmhfcva.cloudfront.net/800x/filters:fill(FFF,true):format(jpg)/d2lnr5mha7bycj.cloudfront.net/product-image/file/large_8a3643c9-899f-4087-8dbf-40361eddad04.jpg"}, "11": {"name": "Wegmans Concord Grape Jelly", "price": "$3.49 /ea", "price_per_ounce": "32 oz ($0.11/oz)", "image": "https://shop.wegmans.com/cdn-cgi/image/dpr=1,f=auto,q=80,h=200,w=200/https://d2d8wwwkmhfcva.cloudfront.net/800x/filters:fill(FFF,true):format(jpg)/d2lnr5mha7bycj.cloudfront.net/product-image/file/large_7e956757-f257-4791-bd1c-8dfeb8d390c1.jpg"}}, "Tomato ketchup": {"0": {"name": "Heinz Original Tomato Ketchup", "price": "$3.39 /ea", "price_per_ounce": "20 oz ($0.17/oz)", "image": "https://shop.wegmans.com/cdn-cgi/image/dpr=1,f=auto,q=80,h=200,w=200/https://d2d8wwwkmhfcva.cloudfront.net/800x/filters:fill(FFF,true):format(jpg)/d2lnr5mha7bycj.cloudfront.net/product-image/file/large_514b3014-f806-41f4-aa10-038b21106121.jpg"}, "1": {"name": "Heinz Tomato Ketchup", "price": "$4.99 /ea", "price_per_ounce": "38 oz ($0.13/oz)", "image": "https://shop.wegmans.com/cdn-cgi/image/dpr=1,f=auto,q=80,h=200,w=200/https://d2d8wwwkmhfcva.cloudfront.net/800x/filters:fill(FFF,true):format(jpg)/d2lnr5mha7bycj.cloudfront.net/product-image/file/large_ef7282ae-b9f1-4a87-9ece-06c099354c8c.jpg"}, "2": {"name": "Wegmans Ketchup", "price": "$1.79 /ea", "price_per_ounce": "32 oz ($0.06/oz)", "image": "https://shop.wegmans.com/cdn-cgi/image/dpr=1,f=auto,q=80,h=200,w=200/https://d2d8wwwkmhfcva.cloudfront.net/800x/filters:fill(FFF,true):format(jpg)/d2lnr5mha7bycj.cloudfront.net/product-image/file/large_bcbaf883-db35-48d6-b447-9ece846ac4e8.jpg"}, "3": {"name": "Heinz Original Tomato Ketchup", "price": "$9.19 /ea", "price_per_ounce": "2 x 50.5 oz ($4.60/ea)", "image": "https://shop.wegmans.com/cdn-cgi/image/dpr=1,f=auto,q=80,h=200,w=200/https://d2d8wwwkmhfcva.cloudfront.net/800x/filters:fill(FFF,true):format(jpg)/d2lnr5mha7bycj.cloudfront.net/product-image/file/large_4d960517-1881-4618-919b-8d954b841ece.jpg"}, "4": {"name": "Heinz Original Tomato Ketchup", "price": "$3.39 /ea", "price_per_ounce": "20 oz ($0.17/oz)", "image": "https://shop.wegmans.com/cdn-cgi/image/dpr=1,f=auto,q=80,h=200,w=200/https://d2d8wwwkmhfcva.cloudfront.net/800x/filters:fill(FFF,true):format(jpg)/d2lnr5mha7bycj.cloudfront.net/product-image/file/large_514b3014-f806-41f4-aa10-038b21106121.jpg"}, "5": {"name": "Heinz Tomato Ketchup", "price": "$4.99 /ea", "price_per_ounce": "38 oz ($0.13/oz)", "image": "https://shop.wegmans.com/cdn-cgi/image/dpr=1,f=auto,q=80,h=200,w=200/https://d2d8wwwkmhfcva.cloudfront.net/800x/filters:fill(FFF,true):format(jpg)/d2lnr5mha7bycj.cloudfront.net/product-image/file/large_ef7282ae-b9f1-4a87-9ece-06c099354c8c.jpg"}, "6": {"name": "Wegmans Ketchup", "price": "$1.79 /ea", "price_per_ounce": "32 oz ($0.06/oz)", "image": "https://shop.wegmans.com/cdn-cgi/image/dpr=1,f=auto,q=80,h=200,w=200/https://d2d8wwwkmhfcva.cloudfront.net/800x/filters:fill(FFF,true):format(jpg)/d2lnr5mha7bycj.cloudfront.net/product-image/file/large_bcbaf883-db35-48d6-b447-9ece846ac4e8.jpg"}, "7": {"name": "Heinz Original Tomato Ketchup", "price": "$9.19 /ea", "price_per_ounce": "2 x 50.5 oz ($4.60/ea)", "image": "https://shop.wegmans.com/cdn-cgi/image/dpr=1,f=auto,q=80,h=200,w=200/https://d2d8wwwkmhfcva.cloudfront.net/800x/filters:fill(FFF,true):format(jpg)/d2lnr5mha7bycj.cloudfront.net/product-image/file/large_4d960517-1881-4618-919b-8d954b841ece.jpg"}, "8": {"name": "Heinz Original Tomato Ketchup", "price": "$3.39 /ea", "price_per_ounce": "20 oz ($0.17/oz)", "image": "https://shop.wegmans.com/cdn-cgi/image/dpr=1,f=auto,q=80,h=200,w=200/https://d2d8wwwkmhfcva.cloudfront.net/800x/filters:fill(FFF,true):format(jpg)/d2lnr5mha7bycj.cloudfront.net/product-image/file/large_514b3014-f806-41f4-aa10-038b21106121.jpg"}, "9": {"name": "Heinz Tomato Ketchup", "price": "$4.99 /ea", "price_per_ounce": "38 oz ($0.13/oz)", "image": "https://shop.wegmans.com/cdn-cgi/image/dpr=1,f=auto,q=80,h=200,w=200/https://d2d8wwwkmhfcva.cloudfront.net/800x/filters:fill(FFF,true):format(jpg)/d2lnr5mha7bycj.cloudfront.net/product-image/file/large_ef7282ae-b9f1-4a87-9ece-06c099354c8c.jpg"}, "10": {"name": "Wegmans Ketchup", "price": "$1.79 /ea", "price_per_ounce": "32 oz ($0.06/oz)", "image": "https://shop.wegmans.com/cdn-cgi/image/dpr=1,f=auto,q=80,h=200,w=200/https://d2d8wwwkmhfcva.cloudfront.net/800x/filters:fill(FFF,true):format(jpg)/d2lnr5mha7bycj.cloudfront.net/product-image/file/large_bcbaf883-db35-48d6-b447-9ece846ac4e8.jpg"}, "11": {"name": "Heinz Original Tomato Ketchup", "price": "$9.19 /ea", "price_per_ounce": "2 x 50.5 oz ($4.60/ea)", "image": "https://shop.wegmans.com/cdn-cgi/image/dpr=1,f=auto,q=80,h=200,w=200/https://d2d8wwwkmhfcva.cloudfront.net/800x/filters:fill(FFF,true):format(jpg)/d2lnr5mha7bycj.cloudfront.net/product-image/file/large_4d960517-1881-4618-919b-8d954b841ece.jpg"}}, "Yellow mustard": {}, "Regular mayonnaise": {"0": {"name": "Primal Kitchen Mayo", "price": "$9.99 /ea", "price_per_ounce": "12 fl oz ($0.83/fl oz)", "image": "https://shop.wegmans.com/cdn-cgi/image/dpr=1,f=auto,q=80,h=200,w=200/https://d2d8wwwkmhfcva.cloudfront.net/800x/filters:fill(FFF,true):format(jpg)/d2lnr5mha7bycj.cloudfront.net/product-image/file/large_d718f3aa-ccfa-4fb7-a2c8-a7fe4382e415.jpg"}, "1": {"name": "Wegmans Mayo Made with Avocado Oil", "price": "$7.99 /ea", "price_per_ounce": "12 fl oz ($0.67/fl oz)", "image": "https://shop.wegmans.com/cdn-cgi/image/dpr=1,f=auto,q=80,h=200,w=200/https://d2d8wwwkmhfcva.cloudfront.net/800x/filters:fill(FFF,true):format(jpg)/d2lnr5mha7bycj.cloudfront.net/product-image/file/large_1063c627-2e66-4ebc-a423-fefa2918771a.jpg"}, "2": {"name": "McCormick\u00ae Mayonesa (Mayonnaise) With Lime Juice", "price": "$7.49 /ea", "price_per_ounce": "28 fl oz ($0.27/fl oz)", "image": "https://shop.wegmans.com/cdn-cgi/image/dpr=1,f=auto,q=80,h=200,w=200/https://d2d8wwwkmhfcva.cloudfront.net/800x/filters:fill(FFF,true):format(jpg)/d2lnr5mha7bycj.cloudfront.net/product-image/file/large_e0998812-ab46-414d-b659-80639a03935e.jpg"}, "3": {"name": "TRUFF Mayonnaise, Black Truffle Infused", "price": "$9.99 /ea", "price_per_ounce": "8 oz ($1.25/oz)", "image": "https://shop.wegmans.com/cdn-cgi/image/dpr=1,f=auto,q=80,h=200,w=200/https://d2d8wwwkmhfcva.cloudfront.net/800x/filters:fill(FFF,true):format(jpg)/d2lnr5mha7bycj.cloudfront.net/product-image/file/large_39eba62b-7ae3-44e9-a5cc-dfcc64d5c3c9.jpg"}, "4": {"name": "Primal Kitchen Mayo", "price": "$9.99 /ea", "price_per_ounce": "12 fl oz ($0.83/fl oz)", "image": "https://shop.wegmans.com/cdn-cgi/image/dpr=1,f=auto,q=80,h=200,w=200/https://d2d8wwwkmhfcva.cloudfront.net/800x/filters:fill(FFF,true):format(jpg)/d2lnr5mha7bycj.cloudfront.net/product-image/file/large_d718f3aa-ccfa-4fb7-a2c8-a7fe4382e415.jpg"}, "5": {"name": "Wegmans Mayo Made with Avocado Oil", "price": "$7.99 /ea", "price_per_ounce": "12 fl oz ($0.67/fl oz)", "image": "https://shop.wegmans.com/cdn-cgi/image/dpr=1,f=auto,q=80,h=200,w=200/https://d2d8wwwkmhfcva.cloudfront.net/800x/filters:fill(FFF,true):format(jpg)/d2lnr5mha7bycj.cloudfront.net/product-image/file/large_1063c627-2e66-4ebc-a423-fefa2918771a.jpg"}, "6": {"name": "McCormick\u00ae Mayonesa (Mayonnaise) With Lime Juice", "price": "$7.49 /ea", "price_per_ounce": "28 fl oz ($0.27/fl oz)", "image": "https://shop.wegmans.com/cdn-cgi/image/dpr=1,f=auto,q=80,h=200,w=200/https://d2d8wwwkmhfcva.cloudfront.net/800x/filters:fill(FFF,true):format(jpg)/d2lnr5mha7bycj.cloudfront.net/product-image/file/large_e0998812-ab46-414d-b659-80639a03935e.jpg"}, "7": {"name": "TRUFF Mayonnaise, Black Truffle Infused", "price": "$9.99 /ea", "price_per_ounce": "8 oz ($1.25/oz)", "image": "https://shop.wegmans.com/cdn-cgi/image/dpr=1,f=auto,q=80,h=200,w=200/https://d2d8wwwkmhfcva.cloudfront.net/800x/filters:fill(FFF,true):format(jpg)/d2lnr5mha7bycj.cloudfront.net/product-image/file/large_39eba62b-7ae3-44e9-a5cc-dfcc64d5c3c9.jpg"}, "8": {"name": "Primal Kitchen Mayo", "price": "$9.99 /ea", "price_per_ounce": "12 fl oz ($0.83/fl oz)", "image": "https://shop.wegmans.com/cdn-cgi/image/dpr=1,f=auto,q=80,h=200,w=200/https://d2d8wwwkmhfcva.cloudfront.net/800x/filters:fill(FFF,true):format(jpg)/d2lnr5mha7bycj.cloudfront.net/product-image/file/large_d718f3aa-ccfa-4fb7-a2c8-a7fe4382e415.jpg"}, "9": {"name": "Wegmans Mayo Made with Avocado Oil", "price": "$7.99 /ea", "price_per_ounce": "12 fl oz ($0.67/fl oz)", "image": "https://shop.wegmans.com/cdn-cgi/image/dpr=1,f=auto,q=80,h=200,w=200/https://d2d8wwwkmhfcva.cloudfront.net/800x/filters:fill(FFF,true):format(jpg)/d2lnr5mha7bycj.cloudfront.net/product-image/file/large_1063c627-2e66-4ebc-a423-fefa2918771a.jpg"}, "10": {"name": "McCormick\u00ae Mayonesa (Mayonnaise) With Lime Juice", "price": "$7.49 /ea", "price_per_ounce": "28 fl oz ($0.27/fl oz)", "image": "https://shop.wegmans.com/cdn-cgi/image/dpr=1,f=auto,q=80,h=200,w=200/https://d2d8wwwkmhfcva.cloudfront.net/800x/filters:fill(FFF,true):format(jpg)/d2lnr5mha7bycj.cloudfront.net/product-image/file/large_e0998812-ab46-414d-b659-80639a03935e.jpg"}, "11": {"name": "TRUFF Mayonnaise, Black Truffle Infused", "price": "$9.99 /ea", "price_per_ounce": "8 oz ($1.25/oz)", "image": "https://shop.wegmans.com/cdn-cgi/image/dpr=1,f=auto,q=80,h=200,w=200/https://d2d8wwwkmhfcva.cloudfront.net/800x/filters:fill(FFF,true):format(jpg)/d2lnr5mha7bycj.cloudfront.net/product-image/file/large_39eba62b-7ae3-44e9-a5cc-dfcc64d5c3c9.jpg"}}, "Ranch dressing": {"0": {"name": "Wegmans Dressing, Creamy Ranch", "price": "$1.99 /ea", "price_per_ounce": "16 fl oz ($0.12/fl oz)", "image": "https://shop.wegmans.com/cdn-cgi/image/dpr=1,f=auto,q=80,h=200,w=200/https://d2d8wwwkmhfcva.cloudfront.net/800x/filters:fill(FFF,true):format(jpg)/d2lnr5mha7bycj.cloudfront.net/product-image/file/large_86d39405-56fd-43bc-8fbd-1822ae8cb5f7.jpg"}, "1": {"name": "Wegmans Dressing, Ranch, Light*", "price": "$1.99 /ea", "price_per_ounce": "16 fl oz ($0.12/fl oz)", "image": "https://shop.wegmans.com/cdn-cgi/image/dpr=1,f=auto,q=80,h=200,w=200/https://d2d8wwwkmhfcva.cloudfront.net/800x/filters:fill(FFF,true):format(jpg)/d2lnr5mha7bycj.cloudfront.net/product-image/file/large_f69ce767-5048-44a5-8156-654a358d091c.jpg"}, "2": {"name": "Wegmans Southwest Ranch Dressing", "price": "$4.29 /ea", "price_per_ounce": "12 fl oz ($0.36/fl oz)", "image": "https://shop.wegmans.com/cdn-cgi/image/dpr=1,f=auto,q=80,h=200,w=200/https://d2d8wwwkmhfcva.cloudfront.net/800x/filters:fill(FFF,true):format(jpg)/d2lnr5mha7bycj.cloudfront.net/product-image/file/large_9d6cd6c4-8a4f-4a2e-be0b-3fc50f514bf8.jpg"}, "3": {"name": "Ken's Steak House Dressing, Ranch", "price": "$3.69 /ea", "price_per_ounce": "16 fl oz ($0.23/fl oz)", "image": "https://shop.wegmans.com/cdn-cgi/image/dpr=1,f=auto,q=80,h=200,w=200/https://d2d8wwwkmhfcva.cloudfront.net/800x/filters:fill(FFF,true):format(jpg)/d2lnr5mha7bycj.cloudfront.net/product-image/file/large_de607742-6d2f-4461-91b4-edff8a58f96c.jpg"}, "4": {"name": "Wegmans Dressing, Creamy Ranch", "price": "$1.99 /ea", "price_per_ounce": "16 fl oz ($0.12/fl oz)", "image": "https://shop.wegmans.com/cdn-cgi/image/dpr=1,f=auto,q=80,h=200,w=200/https://d2d8wwwkmhfcva.cloudfront.net/800x/filters:fill(FFF,true):format(jpg)/d2lnr5mha7bycj.cloudfront.net/product-image/file/large_86d39405-56fd-43bc-8fbd-1822ae8cb5f7.jpg"}, "5": {"name": "Wegmans Dressing, Ranch, Light*", "price": "$1.99 /ea", "price_per_ounce": "16 fl oz ($0.12/fl oz)", "image": "https://shop.wegmans.com/cdn-cgi/image/dpr=1,f=auto,q=80,h=200,w=200/https://d2d8wwwkmhfcva.cloudfront.net/800x/filters:fill(FFF,true):format(jpg)/d2lnr5mha7bycj.cloudfront.net/product-image/file/large_f69ce767-5048-44a5-8156-654a358d091c.jpg"}, "6": {"name": "Wegmans Southwest Ranch Dressing", "price": "$4.29 /ea", "price_per_ounce": "12 fl oz ($0.36/fl oz)", "image": "https://shop.wegmans.com/cdn-cgi/image/dpr=1,f=auto,q=80,h=200,w=200/https://d2d8wwwkmhfcva.cloudfront.net/800x/filters:fill(FFF,true):format(jpg)/d2lnr5mha7bycj.cloudfront.net/product-image/file/large_9d6cd6c4-8a4f-4a2e-be0b-3fc50f514bf8.jpg"}, "7": {"name": "Ken's Steak House Dressing, Ranch", "price": "$3.69 /ea", "price_per_ounce": "16 fl oz ($0.23/fl oz)", "image": "https://shop.wegmans.com/cdn-cgi/image/dpr=1,f=auto,q=80,h=200,w=200/https://d2d8wwwkmhfcva.cloudfront.net/800x/filters:fill(FFF,true):format(jpg)/d2lnr5mha7bycj.cloudfront.net/product-image/file/large_de607742-6d2f-4461-91b4-edff8a58f96c.jpg"}, "8": {"name": "Wegmans Dressing, Creamy Ranch", "price": "$1.99 /ea", "price_per_ounce": "16 fl oz ($0.12/fl oz)", "image": "https://shop.wegmans.com/cdn-cgi/image/dpr=1,f=auto,q=80,h=200,w=200/https://d2d8wwwkmhfcva.cloudfront.net/800x/filters:fill(FFF,true):format(jpg)/d2lnr5mha7bycj.cloudfront.net/product-image/file/large_86d39405-56fd-43bc-8fbd-1822ae8cb5f7.jpg"}, "9": {"name": "Wegmans Dressing, Ranch, Light*", "price": "$1.99 /ea", "price_per_ounce": "16 fl oz ($0.12/fl oz)", "image": "https://shop.wegmans.com/cdn-cgi/image/dpr=1,f=auto,q=80,h=200,w=200/https://d2d8wwwkmhfcva.cloudfront.net/800x/filters:fill(FFF,true):format(jpg)/d2lnr5mha7bycj.cloudfront.net/product-image/file/large_f69ce767-5048-44a5-8156-654a358d091c.jpg"}, "10": {"name": "Wegmans Southwest Ranch Dressing", "price": "$4.29 /ea", "price_per_ounce": "12 fl oz ($0.36/fl oz)", "image": "https://shop.wegmans.com/cdn-cgi/image/dpr=1,f=auto,q=80,h=200,w=200/https://d2d8wwwkmhfcva.cloudfront.net/800x/filters:fill(FFF,true):format(jpg)/d2lnr5mha7bycj.cloudfront.net/product-image/file/large_9d6cd6c4-8a4f-4a2e-be0b-3fc50f514bf8.jpg"}, "11": {"name": "Ken's Steak House Dressing, Ranch", "price": "$3.69 /ea", "price_per_ounce": "16 fl oz ($0.23/fl oz)", "image": "https://shop.wegmans.com/cdn-cgi/image/dpr=1,f=auto,q=80,h=200,w=200/https://d2d8wwwkmhfcva.cloudfront.net/800x/filters:fill(FFF,true):format(jpg)/d2lnr5mha7bycj.cloudfront.net/product-image/file/large_de607742-6d2f-4461-91b4-edff8a58f96c.jpg"}}, "Olive oil": {"0": {"name": "NEW ITEM\nWegmans Spanish Extra Virgin Olive Oil", "price": "$14.99 /ea", "price_per_ounce": "16.9 fl oz ($0.89/fl oz)", "image": "https://shop.wegmans.com/cdn-cgi/image/dpr=1,f=auto,q=80,h=200,w=200/https://d2d8wwwkmhfcva.cloudfront.net/800x/filters:fill(FFF,true):format(jpg)/d2lnr5mha7bycj.cloudfront.net/product-image/file/large_c90c22b4-1b0a-4b03-8726-321dc20837c9.jpg"}, "1": {"name": "Wegmans Pure Olive Oil", "price": "$4.99 /ea", "price_per_ounce": "16.9 fl oz ($0.30/fl oz)", "image": "https://shop.wegmans.com/cdn-cgi/image/dpr=1,f=auto,q=80,h=200,w=200/https://d2d8wwwkmhfcva.cloudfront.net/800x/filters:fill(FFF,true):format(jpg)/d2lnr5mha7bycj.cloudfront.net/product-image/file/large_b29dd766-6eba-4720-b522-8a508869b95c.jpg"}, "2": {"name": "Wegmans Italian Classics Italian Extra Virgin Olive Oil", "price": "$14.99 /ea", "price_per_ounce": "33.8 fl oz ($0.44/fl oz)", "image": "https://shop.wegmans.com/cdn-cgi/image/dpr=1,f=auto,q=80,h=200,w=200/https://d2d8wwwkmhfcva.cloudfront.net/800x/filters:fill(FFF,true):format(jpg)/d2lnr5mha7bycj.cloudfront.net/product-image/file/large_9b4db588-077a-47ee-b8d6-739e2aae824f.jpg"}, "3": {"name": "Wegmans Italian Classics Italian Extra Virgin Olive Oil", "price": "$9.99 /ea", "price_per_ounce": "16.9 fl oz ($0.59/fl oz)", "image": "https://shop.wegmans.com/cdn-cgi/image/dpr=1,f=auto,q=80,h=200,w=200/https://d2d8wwwkmhfcva.cloudfront.net/800x/filters:fill(FFF,true):format(jpg)/d2lnr5mha7bycj.cloudfront.net/product-image/file/large_4d6e5664-4ee1-4d75-9811-3c638f196f5c.jpg"}, "4": {"name": "NEW ITEM\nWegmans Spanish Extra Virgin Olive Oil", "price": "$14.99 /ea", "price_per_ounce": "16.9 fl oz ($0.89/fl oz)", "image": "https://shop.wegmans.com/cdn-cgi/image/dpr=1,f=auto,q=80,h=200,w=200/https://d2d8wwwkmhfcva.cloudfront.net/800x/filters:fill(FFF,true):format(jpg)/d2lnr5mha7bycj.cloudfront.net/product-image/file/large_c90c22b4-1b0a-4b03-8726-321dc20837c9.jpg"}, "5": {"name": "Wegmans Pure Olive Oil", "price": "$4.99 /ea", "price_per_ounce": "16.9 fl oz ($0.30/fl oz)", "image": "https://shop.wegmans.com/cdn-cgi/image/dpr=1,f=auto,q=80,h=200,w=200/https://d2d8wwwkmhfcva.cloudfront.net/800x/filters:fill(FFF,true):format(jpg)/d2lnr5mha7bycj.cloudfront.net/product-image/file/large_b29dd766-6eba-4720-b522-8a508869b95c.jpg"}, "6": {"name": "Wegmans Italian Classics Italian Extra Virgin Olive Oil", "price": "$14.99 /ea", "price_per_ounce": "33.8 fl oz ($0.44/fl oz)", "image": "https://shop.wegmans.com/cdn-cgi/image/dpr=1,f=auto,q=80,h=200,w=200/https://d2d8wwwkmhfcva.cloudfront.net/800x/filters:fill(FFF,true):format(jpg)/d2lnr5mha7bycj.cloudfront.net/product-image/file/large_9b4db588-077a-47ee-b8d6-739e2aae824f.jpg"}, "7": {"name": "Wegmans Italian Classics Italian Extra Virgin Olive Oil", "price": "$9.99 /ea", "price_per_ounce": "16.9 fl oz ($0.59/fl oz)", "image": "https://shop.wegmans.com/cdn-cgi/image/dpr=1,f=auto,q=80,h=200,w=200/https://d2d8wwwkmhfcva.cloudfront.net/800x/filters:fill(FFF,true):format(jpg)/d2lnr5mha7bycj.cloudfront.net/product-image/file/large_4d6e5664-4ee1-4d75-9811-3c638f196f5c.jpg"}, "8": {"name": "NEW ITEM\nWegmans Spanish Extra Virgin Olive Oil", "price": "$14.99 /ea", "price_per_ounce": "16.9 fl oz ($0.89/fl oz)", "image": "https://shop.wegmans.com/cdn-cgi/image/dpr=1,f=auto,q=80,h=200,w=200/https://d2d8wwwkmhfcva.cloudfront.net/800x/filters:fill(FFF,true):format(jpg)/d2lnr5mha7bycj.cloudfront.net/product-image/file/large_c90c22b4-1b0a-4b03-8726-321dc20837c9.jpg"}, "9": {"name": "Wegmans Pure Olive Oil", "price": "$4.99 /ea", "price_per_ounce": "16.9 fl oz ($0.30/fl oz)", "image": "https://shop.wegmans.com/cdn-cgi/image/dpr=1,f=auto,q=80,h=200,w=200/https://d2d8wwwkmhfcva.cloudfront.net/800x/filters:fill(FFF,true):format(jpg)/d2lnr5mha7bycj.cloudfront.net/product-image/file/large_b29dd766-6eba-4720-b522-8a508869b95c.jpg"}, "10": {"name": "Wegmans Italian Classics Italian Extra Virgin Olive Oil", "price": "$14.99 /ea", "price_per_ounce": "33.8 fl oz ($0.44/fl oz)", "image": "https://shop.wegmans.com/cdn-cgi/image/dpr=1,f=auto,q=80,h=200,w=200/https://d2d8wwwkmhfcva.cloudfront.net/800x/filters:fill(FFF,true):format(jpg)/d2lnr5mha7bycj.cloudfront.net/product-image/file/large_9b4db588-077a-47ee-b8d6-739e2aae824f.jpg"}, "11": {"name": "Wegmans Italian Classics Italian Extra Virgin Olive Oil", "price": "$9.99 /ea", "price_per_ounce": "16.9 fl oz ($0.59/fl oz)", "image": "https://shop.wegmans.com/cdn-cgi/image/dpr=1,f=auto,q=80,h=200,w=200/https://d2d8wwwkmhfcva.cloudfront.net/800x/filters:fill(FFF,true):format(jpg)/d2lnr5mha7bycj.cloudfront.net/product-image/file/large_4d6e5664-4ee1-4d75-9811-3c638f196f5c.jpg"}}, "Balsamic vinegar": {"0": {"name": "Wegmans Italian Classics Balsamic Vinegar, One Leaf", "price": "$2.49 /ea", "price_per_ounce": "8.5 fl oz ($0.29/fl oz)", "image": "https://shop.wegmans.com/cdn-cgi/image/dpr=1,f=auto,q=80,h=200,w=200/https://d2d8wwwkmhfcva.cloudfront.net/800x/filters:fill(FFF,true):format(jpg)/d2lnr5mha7bycj.cloudfront.net/product-image/file/large_c2e7cdc9-224b-464d-953c-bf877f3fb28b.jpg"}, "1": {"name": "Wegmans Italian Classics Balsamic Vinegar of Modena \"Aceto Balsamico di Modena IGP\" 2 leaves", "price": "$4.29 /ea", "price_per_ounce": "16.9 fl oz ($0.25/fl oz)", "image": "https://shop.wegmans.com/cdn-cgi/image/dpr=1,f=auto,q=80,h=200,w=200/https://d2d8wwwkmhfcva.cloudfront.net/800x/filters:fill(FFF,true):format(jpg)/d2lnr5mha7bycj.cloudfront.net/product-image/file/large_c8323244-8c4f-4820-94ac-516a38866acb.jpg"}, "2": {"name": "Wegmans Italian Classics Organic Balsamic Vinegar of Modena", "price": "$5.49 /ea", "price_per_ounce": "16.9 fl oz ($0.32/fl oz)", "image": "https://shop.wegmans.com/cdn-cgi/image/dpr=1,f=auto,q=80,h=200,w=200/https://d2d8wwwkmhfcva.cloudfront.net/800x/filters:fill(FFF,true):format(jpg)/d2lnr5mha7bycj.cloudfront.net/product-image/file/large_89a43fc4-bb16-485a-aba9-a4711caba13b.jpg"}, "3": {"name": "Wegmans Italian Classics Balsamic Vinegar, Aged, 4 Leaf", "price": "$7.29 /ea", "price_per_ounce": "8.5 fl oz ($0.86/fl oz)", "image": "https://shop.wegmans.com/cdn-cgi/image/dpr=1,f=auto,q=80,h=200,w=200/https://d2d8wwwkmhfcva.cloudfront.net/800x/filters:fill(FFF,true):format(jpg)/d2lnr5mha7bycj.cloudfront.net/product-image/file/large_05c908db-9d99-46d6-9ed5-57f71c344cd4.jpg"}, "4": {"name": "Wegmans Italian Classics Balsamic Vinegar, One Leaf", "price": "$2.49 /ea", "price_per_ounce": "8.5 fl oz ($0.29/fl oz)", "image": "https://shop.wegmans.com/cdn-cgi/image/dpr=1,f=auto,q=80,h=200,w=200/https://d2d8wwwkmhfcva.cloudfront.net/800x/filters:fill(FFF,true):format(jpg)/d2lnr5mha7bycj.cloudfront.net/product-image/file/large_c2e7cdc9-224b-464d-953c-bf877f3fb28b.jpg"}, "5": {"name": "Wegmans Italian Classics Balsamic Vinegar of Modena \"Aceto Balsamico di Modena IGP\" 2 leaves", "price": "$4.29 /ea", "price_per_ounce": "16.9 fl oz ($0.25/fl oz)", "image": "https://shop.wegmans.com/cdn-cgi/image/dpr=1,f=auto,q=80,h=200,w=200/https://d2d8wwwkmhfcva.cloudfront.net/800x/filters:fill(FFF,true):format(jpg)/d2lnr5mha7bycj.cloudfront.net/product-image/file/large_c8323244-8c4f-4820-94ac-516a38866acb.jpg"}, "6": {"name": "Wegmans Italian Classics Organic Balsamic Vinegar of Modena", "price": "$5.49 /ea", "price_per_ounce": "16.9 fl oz ($0.32/fl oz)", "image": "https://shop.wegmans.com/cdn-cgi/image/dpr=1,f=auto,q=80,h=200,w=200/https://d2d8wwwkmhfcva.cloudfront.net/800x/filters:fill(FFF,true):format(jpg)/d2lnr5mha7bycj.cloudfront.net/product-image/file/large_89a43fc4-bb16-485a-aba9-a4711caba13b.jpg"}, "7": {"name": "Wegmans Italian Classics Balsamic Vinegar, Aged, 4 Leaf", "price": "$7.29 /ea", "price_per_ounce": "8.5 fl oz ($0.86/fl oz)", "image": "https://shop.wegmans.com/cdn-cgi/image/dpr=1,f=auto,q=80,h=200,w=200/https://d2d8wwwkmhfcva.cloudfront.net/800x/filters:fill(FFF,true):format(jpg)/d2lnr5mha7bycj.cloudfront.net/product-image/file/large_05c908db-9d99-46d6-9ed5-57f71c344cd4.jpg"}, "8": {"name": "Wegmans Italian Classics Balsamic Vinegar, One Leaf", "price": "$2.49 /ea", "price_per_ounce": "8.5 fl oz ($0.29/fl oz)", "image": "https://shop.wegmans.com/cdn-cgi/image/dpr=1,f=auto,q=80,h=200,w=200/https://d2d8wwwkmhfcva.cloudfront.net/800x/filters:fill(FFF,true):format(jpg)/d2lnr5mha7bycj.cloudfront.net/product-image/file/large_c2e7cdc9-224b-464d-953c-bf877f3fb28b.jpg"}, "9": {"name": "Wegmans Italian Classics Balsamic Vinegar of Modena \"Aceto Balsamico di Modena IGP\" 2 leaves", "price": "$4.29 /ea", "price_per_ounce": "16.9 fl oz ($0.25/fl oz)", "image": "https://shop.wegmans.com/cdn-cgi/image/dpr=1,f=auto,q=80,h=200,w=200/https://d2d8wwwkmhfcva.cloudfront.net/800x/filters:fill(FFF,true):format(jpg)/d2lnr5mha7bycj.cloudfront.net/product-image/file/large_c8323244-8c4f-4820-94ac-516a38866acb.jpg"}, "10": {"name": "Wegmans Italian Classics Organic Balsamic Vinegar of Modena", "price": "$5.49 /ea", "price_per_ounce": "16.9 fl oz ($0.32/fl oz)", "image": "https://shop.wegmans.com/cdn-cgi/image/dpr=1,f=auto,q=80,h=200,w=200/https://d2d8wwwkmhfcva.cloudfront.net/800x/filters:fill(FFF,true):format(jpg)/d2lnr5mha7bycj.cloudfront.net/product-image/file/large_89a43fc4-bb16-485a-aba9-a4711caba13b.jpg"}, "11": {"name": "Wegmans Italian Classics Balsamic Vinegar, Aged, 4 Leaf", "price": "$7.29 /ea", "price_per_ounce": "8.5 fl oz ($0.86/fl oz)", "image": "https://shop.wegmans.com/cdn-cgi/image/dpr=1,f=auto,q=80,h=200,w=200/https://d2d8wwwkmhfcva.cloudfront.net/800x/filters:fill(FFF,true):format(jpg)/d2lnr5mha7bycj.cloudfront.net/product-image/file/large_05c908db-9d99-46d6-9ed5-57f71c344cd4.jpg"}}, "Chunk light tuna in water": {"0": {"name": "StarKist Tuna in Water, Chunk Light, 4 Pack", "price": "$4.69 /ea", "price_per_ounce": "4 x 5 oz ($1.17/ea)", "image": "https://shop.wegmans.com/cdn-cgi/image/dpr=1,f=auto,q=80,h=200,w=200/https://d2d8wwwkmhfcva.cloudfront.net/800x/filters:fill(FFF,true):format(jpg)/d2lnr5mha7bycj.cloudfront.net/product-image/file/large_950ab2b0-7bf1-46ff-9485-617cbcb984b5.jpg"}, "1": {"name": "StarKist Tuna, in Water, Chunk Light", "price": "$1.29 /ea", "price_per_ounce": "5 oz ($0.26/oz)", "image": "https://shop.wegmans.com/cdn-cgi/image/dpr=1,f=auto,q=80,h=200,w=200/https://d2d8wwwkmhfcva.cloudfront.net/800x/filters:fill(FFF,true):format(jpg)/d2lnr5mha7bycj.cloudfront.net/product-image/file/large_715ea36e-c67a-4a08-b422-0ffc3b1fcd6a.jpg"}, "2": {"name": "Wegmans Chunk Light Yellowfin Tuna in Water, 8 PACK, FAMILY PACK", "price": "$10.49 /ea", "price_per_ounce": "48 oz ($0.22/oz)", "image": "https://shop.wegmans.com/cdn-cgi/image/dpr=1,f=auto,q=80,h=200,w=200/https://d2d8wwwkmhfcva.cloudfront.net/800x/filters:fill(FFF,true):format(jpg)/d2lnr5mha7bycj.cloudfront.net/product-image/file/large_89b08a3c-d70a-454b-a329-75431bdc8d1a.jpg"}, "3": {"name": "StarKist Tuna, Light, Wild Caught", "price": "$1.49 /ea", "price_per_ounce": "2.6 oz ($0.57/oz)", "image": "https://shop.wegmans.com/cdn-cgi/image/dpr=1,f=auto,q=80,h=200,w=200/https://d2d8wwwkmhfcva.cloudfront.net/800x/filters:fill(FFF,true):format(jpg)/d2lnr5mha7bycj.cloudfront.net/product-image/file/large_242a9cd3-141b-42bf-afef-50e229109ff8.jpg"}, "4": {"name": "StarKist Tuna in Water, Chunk Light, 4 Pack", "price": "$4.69 /ea", "price_per_ounce": "4 x 5 oz ($1.17/ea)", "image": "https://shop.wegmans.com/cdn-cgi/image/dpr=1,f=auto,q=80,h=200,w=200/https://d2d8wwwkmhfcva.cloudfront.net/800x/filters:fill(FFF,true):format(jpg)/d2lnr5mha7bycj.cloudfront.net/product-image/file/large_950ab2b0-7bf1-46ff-9485-617cbcb984b5.jpg"}, "5": {"name": "StarKist Tuna, in Water, Chunk Light", "price": "$1.29 /ea", "price_per_ounce": "5 oz ($0.26/oz)", "image": "https://shop.wegmans.com/cdn-cgi/image/dpr=1,f=auto,q=80,h=200,w=200/https://d2d8wwwkmhfcva.cloudfront.net/800x/filters:fill(FFF,true):format(jpg)/d2lnr5mha7bycj.cloudfront.net/product-image/file/large_715ea36e-c67a-4a08-b422-0ffc3b1fcd6a.jpg"}, "6": {"name": "Wegmans Chunk Light Yellowfin Tuna in Water, 8 PACK, FAMILY PACK", "price": "$10.49 /ea", "price_per_ounce": "48 oz ($0.22/oz)", "image": "https://shop.wegmans.com/cdn-cgi/image/dpr=1,f=auto,q=80,h=200,w=200/https://d2d8wwwkmhfcva.cloudfront.net/800x/filters:fill(FFF,true):format(jpg)/d2lnr5mha7bycj.cloudfront.net/product-image/file/large_89b08a3c-d70a-454b-a329-75431bdc8d1a.jpg"}, "7": {"name": "StarKist Tuna, Light, Wild Caught", "price": "$1.49 /ea", "price_per_ounce": "2.6 oz ($0.57/oz)", "image": "https://shop.wegmans.com/cdn-cgi/image/dpr=1,f=auto,q=80,h=200,w=200/https://d2d8wwwkmhfcva.cloudfront.net/800x/filters:fill(FFF,true):format(jpg)/d2lnr5mha7bycj.cloudfront.net/product-image/file/large_242a9cd3-141b-42bf-afef-50e229109ff8.jpg"}, "8": {"name": "StarKist Tuna in Water, Chunk Light, 4 Pack", "price": "$4.69 /ea", "price_per_ounce": "4 x 5 oz ($1.17/ea)", "image": "https://shop.wegmans.com/cdn-cgi/image/dpr=1,f=auto,q=80,h=200,w=200/https://d2d8wwwkmhfcva.cloudfront.net/800x/filters:fill(FFF,true):format(jpg)/d2lnr5mha7bycj.cloudfront.net/product-image/file/large_950ab2b0-7bf1-46ff-9485-617cbcb984b5.jpg"}, "9": {"name": "StarKist Tuna, in Water, Chunk Light", "price": "$1.29 /ea", "price_per_ounce": "5 oz ($0.26/oz)", "image": "https://shop.wegmans.com/cdn-cgi/image/dpr=1,f=auto,q=80,h=200,w=200/https://d2d8wwwkmhfcva.cloudfront.net/800x/filters:fill(FFF,true):format(jpg)/d2lnr5mha7bycj.cloudfront.net/product-image/file/large_715ea36e-c67a-4a08-b422-0ffc3b1fcd6a.jpg"}, "10": {"name": "Wegmans Chunk Light Yellowfin Tuna in Water, 8 PACK, FAMILY PACK", "price": "$10.49 /ea", "price_per_ounce": "48 oz ($0.22/oz)", "image": "https://shop.wegmans.com/cdn-cgi/image/dpr=1,f=auto,q=80,h=200,w=200/https://d2d8wwwkmhfcva.cloudfront.net/800x/filters:fill(FFF,true):format(jpg)/d2lnr5mha7bycj.cloudfront.net/product-image/file/large_89b08a3c-d70a-454b-a329-75431bdc8d1a.jpg"}, "11": {"name": "StarKist Tuna, Light, Wild Caught", "price": "$1.49 /ea", "price_per_ounce": "2.6 oz ($0.57/oz)", "image": "https://shop.wegmans.com/cdn-cgi/image/dpr=1,f=auto,q=80,h=200,w=200/https://d2d8wwwkmhfcva.cloudfront.net/800x/filters:fill(FFF,true):format(jpg)/d2lnr5mha7bycj.cloudfront.net/product-image/file/large_242a9cd3-141b-42bf-afef-50e229109ff8.jpg"}}, "Kidney beans": {"0": {"name": "Wegmans Dark Red Kidney Beans", "price": "$0.75 /ea", "price_per_ounce": "15.5 oz ($0.05/oz)", "image": "https://shop.wegmans.com/cdn-cgi/image/dpr=1,f=auto,q=80,h=200,w=200/https://d2d8wwwkmhfcva.cloudfront.net/800x/filters:fill(FFF,true):format(jpg)/d2lnr5mha7bycj.cloudfront.net/product-image/file/large_3810b176-44d7-45cc-9f9b-c83b24480160.jpg"}, "1": {"name": "Wegmans Light Red Kidney Beans", "price": "$0.75 /ea", "price_per_ounce": "15.5 oz ($0.05/oz)", "image": "https://shop.wegmans.com/cdn-cgi/image/dpr=1,f=auto,q=80,h=200,w=200/https://d2d8wwwkmhfcva.cloudfront.net/800x/filters:fill(FFF,true):format(jpg)/d2lnr5mha7bycj.cloudfront.net/product-image/file/large_d9e061b9-b156-4824-86e0-176a32b5cc7f.jpg"}, "2": {"name": "Wegmans Organic Dark Red Kidney Beans", "price": "$1.29 /ea", "price_per_ounce": "15 oz ($0.09/oz)", "image": "https://shop.wegmans.com/cdn-cgi/image/dpr=1,f=auto,q=80,h=200,w=200/https://d2d8wwwkmhfcva.cloudfront.net/800x/filters:fill(FFF,true):format(jpg)/d2lnr5mha7bycj.cloudfront.net/product-image/file/large_fd622d5d-2311-4815-8ded-cfffa992b887.jpg"}, "3": {"name": "Wegmans No Salt Added Dark Red Kidney Beans", "price": "$0.75 /ea", "price_per_ounce": "15.5 oz ($0.05/oz)", "image": "https://shop.wegmans.com/cdn-cgi/image/dpr=1,f=auto,q=80,h=200,w=200/https://d2d8wwwkmhfcva.cloudfront.net/800x/filters:fill(FFF,true):format(jpg)/d2lnr5mha7bycj.cloudfront.net/product-image/file/large_9caaaada-da7c-40e4-b805-410e8339d687.jpg"}, "4": {"name": "Wegmans Dark Red Kidney Beans", "price": "$0.75 /ea", "price_per_ounce": "15.5 oz ($0.05/oz)", "image": "https://shop.wegmans.com/cdn-cgi/image/dpr=1,f=auto,q=80,h=200,w=200/https://d2d8wwwkmhfcva.cloudfront.net/800x/filters:fill(FFF,true):format(jpg)/d2lnr5mha7bycj.cloudfront.net/product-image/file/large_3810b176-44d7-45cc-9f9b-c83b24480160.jpg"}, "5": {"name": "Wegmans Light Red Kidney Beans", "price": "$0.75 /ea", "price_per_ounce": "15.5 oz ($0.05/oz)", "image": "https://shop.wegmans.com/cdn-cgi/image/dpr=1,f=auto,q=80,h=200,w=200/https://d2d8wwwkmhfcva.cloudfront.net/800x/filters:fill(FFF,true):format(jpg)/d2lnr5mha7bycj.cloudfront.net/product-image/file/large_d9e061b9-b156-4824-86e0-176a32b5cc7f.jpg"}, "6": {"name": "Wegmans Organic Dark Red Kidney Beans", "price": "$1.29 /ea", "price_per_ounce": "15 oz ($0.09/oz)", "image": "https://shop.wegmans.com/cdn-cgi/image/dpr=1,f=auto,q=80,h=200,w=200/https://d2d8wwwkmhfcva.cloudfront.net/800x/filters:fill(FFF,true):format(jpg)/d2lnr5mha7bycj.cloudfront.net/product-image/file/large_fd622d5d-2311-4815-8ded-cfffa992b887.jpg"}, "7": {"name": "Wegmans No Salt Added Dark Red Kidney Beans", "price": "$0.75 /ea", "price_per_ounce": "15.5 oz ($0.05/oz)", "image": "https://shop.wegmans.com/cdn-cgi/image/dpr=1,f=auto,q=80,h=200,w=200/https://d2d8wwwkmhfcva.cloudfront.net/800x/filters:fill(FFF,true):format(jpg)/d2lnr5mha7bycj.cloudfront.net/product-image/file/large_9caaaada-da7c-40e4-b805-410e8339d687.jpg"}, "8": {"name": "Wegmans Dark Red Kidney Beans", "price": "$0.75 /ea", "price_per_ounce": "15.5 oz ($0.05/oz)", "image": "https://shop.wegmans.com/cdn-cgi/image/dpr=1,f=auto,q=80,h=200,w=200/https://d2d8wwwkmhfcva.cloudfront.net/800x/filters:fill(FFF,true):format(jpg)/d2lnr5mha7bycj.cloudfront.net/product-image/file/large_3810b176-44d7-45cc-9f9b-c83b24480160.jpg"}, "9": {"name": "Wegmans Light Red Kidney Beans", "price": "$0.75 /ea", "price_per_ounce": "15.5 oz ($0.05/oz)", "image": "https://shop.wegmans.com/cdn-cgi/image/dpr=1,f=auto,q=80,h=200,w=200/https://d2d8wwwkmhfcva.cloudfront.net/800x/filters:fill(FFF,true):format(jpg)/d2lnr5mha7bycj.cloudfront.net/product-image/file/large_d9e061b9-b156-4824-86e0-176a32b5cc7f.jpg"}, "10": {"name": "Wegmans Organic Dark Red Kidney Beans", "price": "$1.29 /ea", "price_per_ounce": "15 oz ($0.09/oz)", "image": "https://shop.wegmans.com/cdn-cgi/image/dpr=1,f=auto,q=80,h=200,w=200/https://d2d8wwwkmhfcva.cloudfront.net/800x/filters:fill(FFF,true):format(jpg)/d2lnr5mha7bycj.cloudfront.net/product-image/file/large_fd622d5d-2311-4815-8ded-cfffa992b887.jpg"}, "11": {"name": "Wegmans No Salt Added Dark Red Kidney Beans", "price": "$0.75 /ea", "price_per_ounce": "15.5 oz ($0.05/oz)", "image": "https://shop.wegmans.com/cdn-cgi/image/dpr=1,f=auto,q=80,h=200,w=200/https://d2d8wwwkmhfcva.cloudfront.net/800x/filters:fill(FFF,true):format(jpg)/d2lnr5mha7bycj.cloudfront.net/product-image/file/large_9caaaada-da7c-40e4-b805-410e8339d687.jpg"}}, "Basmati rice": {"0": {"name": "NEW ITEM\nWegmans Organic Steamables Lentils", "price": "$2.49 /ea", "price_per_ounce": "8.8 oz ($0.28/oz)", "image": "https://shop.wegmans.com/cdn-cgi/image/dpr=1,f=auto,q=80,h=200,w=200/https://d2d8wwwkmhfcva.cloudfront.net/800x/filters:fill(FFF,true):format(jpg)/d2lnr5mha7bycj.cloudfront.net/product-image/file/large_4cd817b4-40b1-497b-af82-b154b7e612e2.jpg"}, "1": {"name": "Wegmans Basmati Rice", "price": "$8.99 /ea", "price_per_ounce": "5 lb ($1.80/lb)", "image": "https://shop.wegmans.com/cdn-cgi/image/dpr=1,f=auto,q=80,h=200,w=200/https://d2d8wwwkmhfcva.cloudfront.net/800x/filters:fill(FFF,true):format(jpg)/d2lnr5mha7bycj.cloudfront.net/product-image/file/large_fdf19746-ef1d-4f14-8ca1-7b1c6fc90df5.jpg"}, "2": {"name": "Khazana Basmati Rice, Premium", "price": "$4.79 /ea", "price_per_ounce": "2 lb ($2.40/lb)", "image": "https://shop.wegmans.com/cdn-cgi/image/dpr=1,f=auto,q=80,h=200,w=200/https://d2d8wwwkmhfcva.cloudfront.net/800x/filters:fill(FFF,true):format(jpg)/d2lnr5mha7bycj.cloudfront.net/product-image/file/large_f4e6908f-8ab8-4148-9983-14c39f616b7a.jpg"}, "3": {"name": "Royal Rice, Authentic, Basmati", "price": "$16.99 /ea", "price_per_ounce": "10 lb ($1.70/lb)", "image": "https://shop.wegmans.com/cdn-cgi/image/dpr=1,f=auto,q=80,h=200,w=200/https://d2d8wwwkmhfcva.cloudfront.net/800x/filters:fill(FFF,true):format(jpg)/d2lnr5mha7bycj.cloudfront.net/product-image/file/large_ca56ecad-175a-4fa0-a958-67c2c81dadcc.jpg"}, "4": {"name": "NEW ITEM\nWegmans Organic Steamables Lentils", "price": "$2.49 /ea", "price_per_ounce": "8.8 oz ($0.28/oz)", "image": "https://shop.wegmans.com/cdn-cgi/image/dpr=1,f=auto,q=80,h=200,w=200/https://d2d8wwwkmhfcva.cloudfront.net/800x/filters:fill(FFF,true):format(jpg)/d2lnr5mha7bycj.cloudfront.net/product-image/file/large_4cd817b4-40b1-497b-af82-b154b7e612e2.jpg"}, "5": {"name": "Wegmans Basmati Rice", "price": "$8.99 /ea", "price_per_ounce": "5 lb ($1.80/lb)", "image": "https://shop.wegmans.com/cdn-cgi/image/dpr=1,f=auto,q=80,h=200,w=200/https://d2d8wwwkmhfcva.cloudfront.net/800x/filters:fill(FFF,true):format(jpg)/d2lnr5mha7bycj.cloudfront.net/product-image/file/large_fdf19746-ef1d-4f14-8ca1-7b1c6fc90df5.jpg"}, "6": {"name": "Khazana Basmati Rice, Premium", "price": "$4.79 /ea", "price_per_ounce": "2 lb ($2.40/lb)", "image": "https://shop.wegmans.com/cdn-cgi/image/dpr=1,f=auto,q=80,h=200,w=200/https://d2d8wwwkmhfcva.cloudfront.net/800x/filters:fill(FFF,true):format(jpg)/d2lnr5mha7bycj.cloudfront.net/product-image/file/large_f4e6908f-8ab8-4148-9983-14c39f616b7a.jpg"}, "7": {"name": "Royal Rice, Authentic, Basmati", "price": "$16.99 /ea", "price_per_ounce": "10 lb ($1.70/lb)", "image": "https://shop.wegmans.com/cdn-cgi/image/dpr=1,f=auto,q=80,h=200,w=200/https://d2d8wwwkmhfcva.cloudfront.net/800x/filters:fill(FFF,true):format(jpg)/d2lnr5mha7bycj.cloudfront.net/product-image/file/large_ca56ecad-175a-4fa0-a958-67c2c81dadcc.jpg"}, "8": {"name": "NEW ITEM\nWegmans Organic Steamables Lentils", "price": "$2.49 /ea", "price_per_ounce": "8.8 oz ($0.28/oz)", "image": "https://shop.wegmans.com/cdn-cgi/image/dpr=1,f=auto,q=80,h=200,w=200/https://d2d8wwwkmhfcva.cloudfront.net/800x/filters:fill(FFF,true):format(jpg)/d2lnr5mha7bycj.cloudfront.net/product-image/file/large_4cd817b4-40b1-497b-af82-b154b7e612e2.jpg"}, "9": {"name": "Wegmans Basmati Rice", "price": "$8.99 /ea", "price_per_ounce": "5 lb ($1.80/lb)", "image": "https://shop.wegmans.com/cdn-cgi/image/dpr=1,f=auto,q=80,h=200,w=200/https://d2d8wwwkmhfcva.cloudfront.net/800x/filters:fill(FFF,true):format(jpg)/d2lnr5mha7bycj.cloudfront.net/product-image/file/large_fdf19746-ef1d-4f14-8ca1-7b1c6fc90df5.jpg"}, "10": {"name": "Khazana Basmati Rice, Premium", "price": "$4.79 /ea", "price_per_ounce": "2 lb ($2.40/lb)", "image": "https://shop.wegmans.com/cdn-cgi/image/dpr=1,f=auto,q=80,h=200,w=200/https://d2d8wwwkmhfcva.cloudfront.net/800x/filters:fill(FFF,true):format(jpg)/d2lnr5mha7bycj.cloudfront.net/product-image/file/large_f4e6908f-8ab8-4148-9983-14c39f616b7a.jpg"}, "11": {"name": "Royal Rice, Authentic, Basmati", "price": "$16.99 /ea", "price_per_ounce": "10 lb ($1.70/lb)", "image": "https://shop.wegmans.com/cdn-cgi/image/dpr=1,f=auto,q=80,h=200,w=200/https://d2d8wwwkmhfcva.cloudfront.net/800x/filters:fill(FFF,true):format(jpg)/d2lnr5mha7bycj.cloudfront.net/product-image/file/large_ca56ecad-175a-4fa0-a958-67c2c81dadcc.jpg"}}, "Marinara sauce": {"0": {"name": "Wegmans Smooth Marinara Pasta Sauce", "price": "$1.19 /ea", "price_per_ounce": "24 oz ($0.05/oz)", "image": "https://shop.wegmans.com/cdn-cgi/image/dpr=1,f=auto,q=80,h=200,w=200/https://d2d8wwwkmhfcva.cloudfront.net/800x/filters:fill(FFF,true):format(jpg)/d2lnr5mha7bycj.cloudfront.net/product-image/file/large_4ffdd66f-5225-487d-9266-577b9a8b4e4a.jpg"}, "1": {"name": "Wegmans Italian Classics Organic Marinara Pasta Sauce", "price": "$3.29 /ea", "price_per_ounce": "23.5 oz ($0.14/oz)", "image": "https://shop.wegmans.com/cdn-cgi/image/dpr=1,f=auto,q=80,h=200,w=200/https://d2d8wwwkmhfcva.cloudfront.net/800x/filters:fill(FFF,true):format(jpg)/d2lnr5mha7bycj.cloudfront.net/product-image/file/large_b4d2ca16-21a8-4b98-9966-63310c4fa1a5.jpg"}, "2": {"name": "Wegmans Italian Classics Marinara Sauce", "price": "$4.99 /ea", "price_per_ounce": "16 oz ($0.31/oz)", "image": "https://shop.wegmans.com/cdn-cgi/image/dpr=1,f=auto,q=80,h=200,w=200/https://d2d8wwwkmhfcva.cloudfront.net/800x/filters:fill(FFF,true):format(jpg)/d2lnr5mha7bycj.cloudfront.net/product-image/file/large_48e45f42-749a-4d37-8e15-5cd59729dd4c.jpg"}, "3": {"name": "Wegmans Tomato Basil Pasta Sauce", "price": "$1.19 /ea", "price_per_ounce": "24 oz ($0.05/oz)", "image": "https://shop.wegmans.com/cdn-cgi/image/dpr=1,f=auto,q=80,h=200,w=200/https://d2d8wwwkmhfcva.cloudfront.net/800x/filters:fill(FFF,true):format(jpg)/d2lnr5mha7bycj.cloudfront.net/product-image/file/large_ebda2d56-29eb-4208-bb7a-75533558643b.jpg"}, "4": {"name": "Wegmans Smooth Marinara Pasta Sauce", "price": "$1.19 /ea", "price_per_ounce": "24 oz ($0.05/oz)", "image": "https://shop.wegmans.com/cdn-cgi/image/dpr=1,f=auto,q=80,h=200,w=200/https://d2d8wwwkmhfcva.cloudfront.net/800x/filters:fill(FFF,true):format(jpg)/d2lnr5mha7bycj.cloudfront.net/product-image/file/large_4ffdd66f-5225-487d-9266-577b9a8b4e4a.jpg"}, "5": {"name": "Wegmans Italian Classics Organic Marinara Pasta Sauce", "price": "$3.29 /ea", "price_per_ounce": "23.5 oz ($0.14/oz)", "image": "https://shop.wegmans.com/cdn-cgi/image/dpr=1,f=auto,q=80,h=200,w=200/https://d2d8wwwkmhfcva.cloudfront.net/800x/filters:fill(FFF,true):format(jpg)/d2lnr5mha7bycj.cloudfront.net/product-image/file/large_b4d2ca16-21a8-4b98-9966-63310c4fa1a5.jpg"}, "6": {"name": "Wegmans Italian Classics Marinara Sauce", "price": "$4.99 /ea", "price_per_ounce": "16 oz ($0.31/oz)", "image": "https://shop.wegmans.com/cdn-cgi/image/dpr=1,f=auto,q=80,h=200,w=200/https://d2d8wwwkmhfcva.cloudfront.net/800x/filters:fill(FFF,true):format(jpg)/d2lnr5mha7bycj.cloudfront.net/product-image/file/large_48e45f42-749a-4d37-8e15-5cd59729dd4c.jpg"}, "7": {"name": "Wegmans Tomato Basil Pasta Sauce", "price": "$1.19 /ea", "price_per_ounce": "24 oz ($0.05/oz)", "image": "https://shop.wegmans.com/cdn-cgi/image/dpr=1,f=auto,q=80,h=200,w=200/https://d2d8wwwkmhfcva.cloudfront.net/800x/filters:fill(FFF,true):format(jpg)/d2lnr5mha7bycj.cloudfront.net/product-image/file/large_ebda2d56-29eb-4208-bb7a-75533558643b.jpg"}, "8": {"name": "Wegmans Smooth Marinara Pasta Sauce", "price": "$1.19 /ea", "price_per_ounce": "24 oz ($0.05/oz)", "image": "https://shop.wegmans.com/cdn-cgi/image/dpr=1,f=auto,q=80,h=200,w=200/https://d2d8wwwkmhfcva.cloudfront.net/800x/filters:fill(FFF,true):format(jpg)/d2lnr5mha7bycj.cloudfront.net/product-image/file/large_4ffdd66f-5225-487d-9266-577b9a8b4e4a.jpg"}, "9": {"name": "Wegmans Italian Classics Organic Marinara Pasta Sauce", "price": "$3.29 /ea", "price_per_ounce": "23.5 oz ($0.14/oz)", "image": "https://shop.wegmans.com/cdn-cgi/image/dpr=1,f=auto,q=80,h=200,w=200/https://d2d8wwwkmhfcva.cloudfront.net/800x/filters:fill(FFF,true):format(jpg)/d2lnr5mha7bycj.cloudfront.net/product-image/file/large_b4d2ca16-21a8-4b98-9966-63310c4fa1a5.jpg"}, "10": {"name": "Wegmans Italian Classics Marinara Sauce", "price": "$4.99 /ea", "price_per_ounce": "16 oz ($0.31/oz)", "image": "https://shop.wegmans.com/cdn-cgi/image/dpr=1,f=auto,q=80,h=200,w=200/https://d2d8wwwkmhfcva.cloudfront.net/800x/filters:fill(FFF,true):format(jpg)/d2lnr5mha7bycj.cloudfront.net/product-image/file/large_48e45f42-749a-4d37-8e15-5cd59729dd4c.jpg"}, "11": {"name": "Wegmans Tomato Basil Pasta Sauce", "price": "$1.19 /ea", "price_per_ounce": "24 oz ($0.05/oz)", "image": "https://shop.wegmans.com/cdn-cgi/image/dpr=1,f=auto,q=80,h=200,w=200/https://d2d8wwwkmhfcva.cloudfront.net/800x/filters:fill(FFF,true):format(jpg)/d2lnr5mha7bycj.cloudfront.net/product-image/file/large_ebda2d56-29eb-4208-bb7a-75533558643b.jpg"}}, "Flour tortillas": {"0": {"name": "Wegmans Organic Stoneground Yellow Corn Tortillas", "price": "$3.59 /ea", "price_per_ounce": "12.69 oz ($0.28/oz)", "image": "https://shop.wegmans.com/cdn-cgi/image/dpr=1,f=auto,q=80,h=200,w=200/https://d2d8wwwkmhfcva.cloudfront.net/800x/filters:fill(FFF,true):format(jpg)/d2lnr5mha7bycj.cloudfront.net/product-image/file/large_f48a091e-d33b-49f0-be14-4c068ac91141.jpg"}, "1": {"name": "Wegmans Whole Wheat Multi-Grain Tortillas with Flax, 10 Inch, 6 Count", "price": "$3.49 /ea", "price_per_ounce": "16 oz ($0.22/oz)", "image": "https://shop.wegmans.com/cdn-cgi/image/dpr=1,f=auto,q=80,h=200,w=200/https://d2d8wwwkmhfcva.cloudfront.net/800x/filters:fill(FFF,true):format(jpg)/d2lnr5mha7bycj.cloudfront.net/product-image/file/large_14eb059f-cdcb-4106-8bf5-0869ccb1a4cb.jpg"}, "2": {"name": "Wegmans Gordita Style Burrito Tortillas, 10 Inch, 8 Count", "price": "$2.49 /ea", "price_per_ounce": "20 oz ($0.12/oz)", "image": "https://shop.wegmans.com/cdn-cgi/image/dpr=1,f=auto,q=80,h=200,w=200/https://d2d8wwwkmhfcva.cloudfront.net/800x/filters:fill(FFF,true):format(jpg)/d2lnr5mha7bycj.cloudfront.net/product-image/file/large_265e15fb-c9e4-44fe-9977-c7be6a1440f5.jpg"}, "3": {"name": "Wegmans 6-Inch Gordita Style Taco Tortillas, 8 Count", "price": "$1.39 /ea", "price_per_ounce": "10 oz ($0.14/oz)", "image": "https://shop.wegmans.com/cdn-cgi/image/dpr=1,f=auto,q=80,h=200,w=200/https://d2d8wwwkmhfcva.cloudfront.net/800x/filters:fill(FFF,true):format(jpg)/d2lnr5mha7bycj.cloudfront.net/product-image/file/large_6e0baa27-42cc-4923-aa36-099600b68c2b.jpg"}, "4": {"name": "Wegmans Organic Stoneground Yellow Corn Tortillas", "price": "$3.59 /ea", "price_per_ounce": "12.69 oz ($0.28/oz)", "image": "https://shop.wegmans.com/cdn-cgi/image/dpr=1,f=auto,q=80,h=200,w=200/https://d2d8wwwkmhfcva.cloudfront.net/800x/filters:fill(FFF,true):format(jpg)/d2lnr5mha7bycj.cloudfront.net/product-image/file/large_f48a091e-d33b-49f0-be14-4c068ac91141.jpg"}, "5": {"name": "Wegmans Whole Wheat Multi-Grain Tortillas with Flax, 10 Inch, 6 Count", "price": "$3.49 /ea", "price_per_ounce": "16 oz ($0.22/oz)", "image": "https://shop.wegmans.com/cdn-cgi/image/dpr=1,f=auto,q=80,h=200,w=200/https://d2d8wwwkmhfcva.cloudfront.net/800x/filters:fill(FFF,true):format(jpg)/d2lnr5mha7bycj.cloudfront.net/product-image/file/large_14eb059f-cdcb-4106-8bf5-0869ccb1a4cb.jpg"}, "6": {"name": "Wegmans Gordita Style Burrito Tortillas, 10 Inch, 8 Count", "price": "$2.49 /ea", "price_per_ounce": "20 oz ($0.12/oz)", "image": "https://shop.wegmans.com/cdn-cgi/image/dpr=1,f=auto,q=80,h=200,w=200/https://d2d8wwwkmhfcva.cloudfront.net/800x/filters:fill(FFF,true):format(jpg)/d2lnr5mha7bycj.cloudfront.net/product-image/file/large_265e15fb-c9e4-44fe-9977-c7be6a1440f5.jpg"}, "7": {"name": "Wegmans 6-Inch Gordita Style Taco Tortillas, 8 Count", "price": "$1.39 /ea", "price_per_ounce": "10 oz ($0.14/oz)", "image": "https://shop.wegmans.com/cdn-cgi/image/dpr=1,f=auto,q=80,h=200,w=200/https://d2d8wwwkmhfcva.cloudfront.net/800x/filters:fill(FFF,true):format(jpg)/d2lnr5mha7bycj.cloudfront.net/product-image/file/large_6e0baa27-42cc-4923-aa36-099600b68c2b.jpg"}, "8": {"name": "Wegmans Organic Stoneground Yellow Corn Tortillas", "price": "$3.59 /ea", "price_per_ounce": "12.69 oz ($0.28/oz)", "image": "https://shop.wegmans.com/cdn-cgi/image/dpr=1,f=auto,q=80,h=200,w=200/https://d2d8wwwkmhfcva.cloudfront.net/800x/filters:fill(FFF,true):format(jpg)/d2lnr5mha7bycj.cloudfront.net/product-image/file/large_f48a091e-d33b-49f0-be14-4c068ac91141.jpg"}, "9": {"name": "Wegmans Whole Wheat Multi-Grain Tortillas with Flax, 10 Inch, 6 Count", "price": "$3.49 /ea", "price_per_ounce": "16 oz ($0.22/oz)", "image": "https://shop.wegmans.com/cdn-cgi/image/dpr=1,f=auto,q=80,h=200,w=200/https://d2d8wwwkmhfcva.cloudfront.net/800x/filters:fill(FFF,true):format(jpg)/d2lnr5mha7bycj.cloudfront.net/product-image/file/large_14eb059f-cdcb-4106-8bf5-0869ccb1a4cb.jpg"}, "10": {"name": "Wegmans Gordita Style Burrito Tortillas, 10 Inch, 8 Count", "price": "$2.49 /ea", "price_per_ounce": "20 oz ($0.12/oz)", "image": "https://shop.wegmans.com/cdn-cgi/image/dpr=1,f=auto,q=80,h=200,w=200/https://d2d8wwwkmhfcva.cloudfront.net/800x/filters:fill(FFF,true):format(jpg)/d2lnr5mha7bycj.cloudfront.net/product-image/file/large_265e15fb-c9e4-44fe-9977-c7be6a1440f5.jpg"}, "11": {"name": "Wegmans 6-Inch Gordita Style Taco Tortillas, 8 Count", "price": "$1.39 /ea", "price_per_ounce": "10 oz ($0.14/oz)", "image": "https://shop.wegmans.com/cdn-cgi/image/dpr=1,f=auto,q=80,h=200,w=200/https://d2d8wwwkmhfcva.cloudfront.net/800x/filters:fill(FFF,true):format(jpg)/d2lnr5mha7bycj.cloudfront.net/product-image/file/large_6e0baa27-42cc-4923-aa36-099600b68c2b.jpg"}}, "Taco seasoning mix": {"0": {"name": "Old El Paso Seasoning Mix, Taco, Original", "price": "$1.29 /ea", "price_per_ounce": "1 oz ($1.29/oz)", "image": "https://shop.wegmans.com/cdn-cgi/image/dpr=1,f=auto,q=80,h=200,w=200/https://d2d8wwwkmhfcva.cloudfront.net/800x/filters:fill(FFF,true):format(jpg)/d2lnr5mha7bycj.cloudfront.net/product-image/file/large_69bc2265-b17c-4f03-8cb1-80d30902921c.jpg"}, "1": {"name": "Old El Paso Seasoning Mix, Taco, 25% Less Sodium", "price": "$1.29 /ea", "price_per_ounce": "1 oz ($1.29/oz)", "image": "https://shop.wegmans.com/cdn-cgi/image/dpr=1,f=auto,q=80,h=200,w=200/https://d2d8wwwkmhfcva.cloudfront.net/800x/filters:fill(FFF,true):format(jpg)/d2lnr5mha7bycj.cloudfront.net/product-image/file/large_26d8d3c5-0eb9-4564-a6b6-b85d68e4317e.jpg"}, "2": {"name": "McCormick\u00ae Seasoning Mix, Original Taco", "price": "$1.29 /ea", "price_per_ounce": "1 oz ($0.89/oz)", "image": "https://shop.wegmans.com/cdn-cgi/image/dpr=1,f=auto,q=80,h=200,w=200/https://d2d8wwwkmhfcva.cloudfront.net/800x/filters:fill(FFF,true):format(jpg)/d2lnr5mha7bycj.cloudfront.net/product-image/file/large_a0fd5cc8-9de9-4280-b312-f25ab375499f.jpg"}, "3": {"name": "Old El Paso Seasoning Mix, Taco, Mild", "price": "$1.29 /ea", "price_per_ounce": "1 oz ($1.29/oz)", "image": "https://shop.wegmans.com/cdn-cgi/image/dpr=1,f=auto,q=80,h=200,w=200/https://d2d8wwwkmhfcva.cloudfront.net/800x/filters:fill(FFF,true):format(jpg)/d2lnr5mha7bycj.cloudfront.net/product-image/file/large_11ca4bfb-97ac-482c-a702-561b7fbf1070.jpg"}, "4": {"name": "Old El Paso Seasoning Mix, Taco, Original", "price": "$1.29 /ea", "price_per_ounce": "1 oz ($1.29/oz)", "image": "https://shop.wegmans.com/cdn-cgi/image/dpr=1,f=auto,q=80,h=200,w=200/https://d2d8wwwkmhfcva.cloudfront.net/800x/filters:fill(FFF,true):format(jpg)/d2lnr5mha7bycj.cloudfront.net/product-image/file/large_69bc2265-b17c-4f03-8cb1-80d30902921c.jpg"}, "5": {"name": "Old El Paso Seasoning Mix, Taco, 25% Less Sodium", "price": "$1.29 /ea", "price_per_ounce": "1 oz ($1.29/oz)", "image": "https://shop.wegmans.com/cdn-cgi/image/dpr=1,f=auto,q=80,h=200,w=200/https://d2d8wwwkmhfcva.cloudfront.net/800x/filters:fill(FFF,true):format(jpg)/d2lnr5mha7bycj.cloudfront.net/product-image/file/large_26d8d3c5-0eb9-4564-a6b6-b85d68e4317e.jpg"}, "6": {"name": "McCormick\u00ae Seasoning Mix, Original Taco", "price": "$1.29 /ea", "price_per_ounce": "1 oz ($0.89/oz)", "image": "https://shop.wegmans.com/cdn-cgi/image/dpr=1,f=auto,q=80,h=200,w=200/https://d2d8wwwkmhfcva.cloudfront.net/800x/filters:fill(FFF,true):format(jpg)/d2lnr5mha7bycj.cloudfront.net/product-image/file/large_a0fd5cc8-9de9-4280-b312-f25ab375499f.jpg"}, "7": {"name": "Old El Paso Seasoning Mix, Taco, Mild", "price": "$1.29 /ea", "price_per_ounce": "1 oz ($1.29/oz)", "image": "https://shop.wegmans.com/cdn-cgi/image/dpr=1,f=auto,q=80,h=200,w=200/https://d2d8wwwkmhfcva.cloudfront.net/800x/filters:fill(FFF,true):format(jpg)/d2lnr5mha7bycj.cloudfront.net/product-image/file/large_11ca4bfb-97ac-482c-a702-561b7fbf1070.jpg"}, "8": {"name": "Old El Paso Seasoning Mix, Taco, Original", "price": "$1.29 /ea", "price_per_ounce": "1 oz ($1.29/oz)", "image": "https://shop.wegmans.com/cdn-cgi/image/dpr=1,f=auto,q=80,h=200,w=200/https://d2d8wwwkmhfcva.cloudfront.net/800x/filters:fill(FFF,true):format(jpg)/d2lnr5mha7bycj.cloudfront.net/product-image/file/large_69bc2265-b17c-4f03-8cb1-80d30902921c.jpg"}}, "Potato chips": {"0": {"name": "Wegmans Sea Salt Sweet Potato Chips", "price": "$4.99 /ea", "price_per_ounce": "6 oz ($0.50/oz)", "image": "https://shop.wegmans.com/cdn-cgi/image/dpr=1,f=auto,q=80,h=200,w=200/https://d2d8wwwkmhfcva.cloudfront.net/800x/filters:fill(FFF,true):format(jpg)/d2lnr5mha7bycj.cloudfront.net/product-image/file/large_4d4d5bdf-5cb5-4da8-a15a-7b06af2d0c4b.jpg"}, "1": {"name": "Wegmans Sea Salt Sweet Potato Chips, FAMILY PACK", "price": "$4.99 /ea", "price_per_ounce": "14 oz ($0.36/oz)", "image": "https://shop.wegmans.com/cdn-cgi/image/dpr=1,f=auto,q=80,h=200,w=200/https://d2d8wwwkmhfcva.cloudfront.net/800x/filters:fill(FFF,true):format(jpg)/d2lnr5mha7bycj.cloudfront.net/product-image/file/large_bd025452-19e1-4bd5-9219-d0ad06d7cbfb.jpg"}, "2": {"name": "Wegmans Organic Gluten Free Restaurant-Style Tortilla Chips", "price": "$4.99 /ea", "price_per_ounce": "16 oz ($0.31/oz)", "image": "https://shop.wegmans.com/cdn-cgi/image/dpr=1,f=auto,q=80,h=200,w=200/https://d2d8wwwkmhfcva.cloudfront.net/800x/filters:fill(FFF,true):format(jpg)/d2lnr5mha7bycj.cloudfront.net/product-image/file/large_3621ab9d-088d-49dd-b74c-5bb737cedad3.jpg"}}, "Medium-spicy salsa": {}, "Baking powder": {"0": {"name": "Wegmans Baking Powder", "price": "$1.99 /ea", "price_per_ounce": "8.1 oz ($0.25/oz)", "image": "https://shop.wegmans.com/cdn-cgi/image/dpr=1,f=auto,q=80,h=200,w=200/https://d2d8wwwkmhfcva.cloudfront.net/800x/filters:fill(FFF,true):format(jpg)/d2lnr5mha7bycj.cloudfront.net/product-image/file/large_f653c489-b071-4a6d-9e57-bc81f78fe432.jpg"}, "1": {"name": "Wegmans Nutritional Yeast", "price": "$5.79 /ea", "price_per_ounce": "5.25 oz ($1.10/oz)", "image": "https://shop.wegmans.com/cdn-cgi/image/dpr=1,f=auto,q=80,h=200,w=200/https://d2d8wwwkmhfcva.cloudfront.net/800x/filters:fill(FFF,true):format(jpg)/d2lnr5mha7bycj.cloudfront.net/product-image/file/large_4ae7b9f8-1142-4a18-a6c8-559c652ffcb6.jpg"}, "2": {"name": "Wegmans 100% Pure Corn Starch", "price": "$1.99 /ea", "price_per_ounce": "16 oz ($0.12/oz)", "image": "https://shop.wegmans.com/cdn-cgi/image/dpr=1,f=auto,q=80,h=200,w=200/https://d2d8wwwkmhfcva.cloudfront.net/800x/filters:fill(FFF,true):format(jpg)/d2lnr5mha7bycj.cloudfront.net/product-image/file/large_19172251-84db-4758-a429-36f3c1aa12dc.jpg"}, "3": {"name": "Clabber Girl Baking Powder, Double Acting", "price": "$3.19 /ea", "price_per_ounce": "8.1 oz ($0.39/oz)", "image": "https://shop.wegmans.com/cdn-cgi/image/dpr=1,f=auto,q=80,h=200,w=200/https://d2d8wwwkmhfcva.cloudfront.net/800x/filters:fill(FFF,true):format(jpg)/d2lnr5mha7bycj.cloudfront.net/product-image/file/large_3310f146-aea4-407e-bcfa-78fd44b87151.jpg"}, "4": {"name": "Wegmans Baking Powder", "price": "$1.99 /ea", "price_per_ounce": "8.1 oz ($0.25/oz)", "image": "https://shop.wegmans.com/cdn-cgi/image/dpr=1,f=auto,q=80,h=200,w=200/https://d2d8wwwkmhfcva.cloudfront.net/800x/filters:fill(FFF,true):format(jpg)/d2lnr5mha7bycj.cloudfront.net/product-image/file/large_f653c489-b071-4a6d-9e57-bc81f78fe432.jpg"}, "5": {"name": "Wegmans Nutritional Yeast", "price": "$5.79 /ea", "price_per_ounce": "5.25 oz ($1.10/oz)", "image": "https://shop.wegmans.com/cdn-cgi/image/dpr=1,f=auto,q=80,h=200,w=200/https://d2d8wwwkmhfcva.cloudfront.net/800x/filters:fill(FFF,true):format(jpg)/d2lnr5mha7bycj.cloudfront.net/product-image/file/large_4ae7b9f8-1142-4a18-a6c8-559c652ffcb6.jpg"}, "6": {"name": "Wegmans 100% Pure Corn Starch", "price": "$1.99 /ea", "price_per_ounce": "16 oz ($0.12/oz)", "image": "https://shop.wegmans.com/cdn-cgi/image/dpr=1,f=auto,q=80,h=200,w=200/https://d2d8wwwkmhfcva.cloudfront.net/800x/filters:fill(FFF,true):format(jpg)/d2lnr5mha7bycj.cloudfront.net/product-image/file/large_19172251-84db-4758-a429-36f3c1aa12dc.jpg"}, "7": {"name": "Clabber Girl Baking Powder, Double Acting", "price": "$3.19 /ea", "price_per_ounce": "8.1 oz ($0.39/oz)", "image": "https://shop.wegmans.com/cdn-cgi/image/dpr=1,f=auto,q=80,h=200,w=200/https://d2d8wwwkmhfcva.cloudfront.net/800x/filters:fill(FFF,true):format(jpg)/d2lnr5mha7bycj.cloudfront.net/product-image/file/large_3310f146-aea4-407e-bcfa-78fd44b87151.jpg"}, "8": {"name": "Wegmans Baking Powder", "price": "$1.99 /ea", "price_per_ounce": "8.1 oz ($0.25/oz)", "image": "https://shop.wegmans.com/cdn-cgi/image/dpr=1,f=auto,q=80,h=200,w=200/https://d2d8wwwkmhfcva.cloudfront.net/800x/filters:fill(FFF,true):format(jpg)/d2lnr5mha7bycj.cloudfront.net/product-image/file/large_f653c489-b071-4a6d-9e57-bc81f78fe432.jpg"}, "9": {"name": "Wegmans Nutritional Yeast", "price": "$5.79 /ea", "price_per_ounce": "5.25 oz ($1.10/oz)", "image": "https://shop.wegmans.com/cdn-cgi/image/dpr=1,f=auto,q=80,h=200,w=200/https://d2d8wwwkmhfcva.cloudfront.net/800x/filters:fill(FFF,true):format(jpg)/d2lnr5mha7bycj.cloudfront.net/product-image/file/large_4ae7b9f8-1142-4a18-a6c8-559c652ffcb6.jpg"}, "10": {"name": "Wegmans 100% Pure Corn Starch", "price": "$1.99 /ea", "price_per_ounce": "16 oz ($0.12/oz)", "image": "https://shop.wegmans.com/cdn-cgi/image/dpr=1,f=auto,q=80,h=200,w=200/https://d2d8wwwkmhfcva.cloudfront.net/800x/filters:fill(FFF,true):format(jpg)/d2lnr5mha7bycj.cloudfront.net/product-image/file/large_19172251-84db-4758-a429-36f3c1aa12dc.jpg"}, "11": {"name": "Clabber Girl Baking Powder, Double Acting", "price": "$3.19 /ea", "price_per_ounce": "8.1 oz ($0.39/oz)", "image": "https://shop.wegmans.com/cdn-cgi/image/dpr=1,f=auto,q=80,h=200,w=200/https://d2d8wwwkmhfcva.cloudfront.net/800x/filters:fill(FFF,true):format(jpg)/d2lnr5mha7bycj.cloudfront.net/product-image/file/large_3310f146-aea4-407e-bcfa-78fd44b87151.jpg"}}, "Baking soda": {"0": {"name": "Wegmans Baking Powder", "price": "$1.99 /ea", "price_per_ounce": "8.1 oz ($0.25/oz)", "image": "https://shop.wegmans.com/cdn-cgi/image/dpr=1,f=auto,q=80,h=200,w=200/https://d2d8wwwkmhfcva.cloudfront.net/800x/filters:fill(FFF,true):format(jpg)/d2lnr5mha7bycj.cloudfront.net/product-image/file/large_f653c489-b071-4a6d-9e57-bc81f78fe432.jpg"}, "1": {"name": "Wegmans Nutritional Yeast", "price": "$5.79 /ea", "price_per_ounce": "5.25 oz ($1.10/oz)", "image": "https://shop.wegmans.com/cdn-cgi/image/dpr=1,f=auto,q=80,h=200,w=200/https://d2d8wwwkmhfcva.cloudfront.net/800x/filters:fill(FFF,true):format(jpg)/d2lnr5mha7bycj.cloudfront.net/product-image/file/large_4ae7b9f8-1142-4a18-a6c8-559c652ffcb6.jpg"}, "2": {"name": "Wegmans 100% Pure Corn Starch", "price": "$1.99 /ea", "price_per_ounce": "16 oz ($0.12/oz)", "image": "https://shop.wegmans.com/cdn-cgi/image/dpr=1,f=auto,q=80,h=200,w=200/https://d2d8wwwkmhfcva.cloudfront.net/800x/filters:fill(FFF,true):format(jpg)/d2lnr5mha7bycj.cloudfront.net/product-image/file/large_19172251-84db-4758-a429-36f3c1aa12dc.jpg"}, "3": {"name": "Arm & Hammer Baking Soda, Pure", "price": "$1.19 /ea", "price_per_ounce": "16 oz ($0.07/oz)", "image": "https://shop.wegmans.com/cdn-cgi/image/dpr=1,f=auto,q=80,h=200,w=200/https://d2d8wwwkmhfcva.cloudfront.net/800x/filters:fill(FFF,true):format(jpg)/d2lnr5mha7bycj.cloudfront.net/product-image/file/large_8d6fcad1-bf51-4c83-9651-0af5d4c51237.jpg"}, "4": {"name": "Wegmans Baking Powder", "price": "$1.99 /ea", "price_per_ounce": "8.1 oz ($0.25/oz)", "image": "https://shop.wegmans.com/cdn-cgi/image/dpr=1,f=auto,q=80,h=200,w=200/https://d2d8wwwkmhfcva.cloudfront.net/800x/filters:fill(FFF,true):format(jpg)/d2lnr5mha7bycj.cloudfront.net/product-image/file/large_f653c489-b071-4a6d-9e57-bc81f78fe432.jpg"}, "5": {"name": "Wegmans Nutritional Yeast", "price": "$5.79 /ea", "price_per_ounce": "5.25 oz ($1.10/oz)", "image": "https://shop.wegmans.com/cdn-cgi/image/dpr=1,f=auto,q=80,h=200,w=200/https://d2d8wwwkmhfcva.cloudfront.net/800x/filters:fill(FFF,true):format(jpg)/d2lnr5mha7bycj.cloudfront.net/product-image/file/large_4ae7b9f8-1142-4a18-a6c8-559c652ffcb6.jpg"}, "6": {"name": "Wegmans 100% Pure Corn Starch", "price": "$1.99 /ea", "price_per_ounce": "16 oz ($0.12/oz)", "image": "https://shop.wegmans.com/cdn-cgi/image/dpr=1,f=auto,q=80,h=200,w=200/https://d2d8wwwkmhfcva.cloudfront.net/800x/filters:fill(FFF,true):format(jpg)/d2lnr5mha7bycj.cloudfront.net/product-image/file/large_19172251-84db-4758-a429-36f3c1aa12dc.jpg"}, "7": {"name": "Arm & Hammer Baking Soda, Pure", "price": "$1.19 /ea", "price_per_ounce": "16 oz ($0.07/oz)", "image": "https://shop.wegmans.com/cdn-cgi/image/dpr=1,f=auto,q=80,h=200,w=200/https://d2d8wwwkmhfcva.cloudfront.net/800x/filters:fill(FFF,true):format(jpg)/d2lnr5mha7bycj.cloudfront.net/product-image/file/large_8d6fcad1-bf51-4c83-9651-0af5d4c51237.jpg"}, "8": {"name": "Wegmans Baking Powder", "price": "$1.99 /ea", "price_per_ounce": "8.1 oz ($0.25/oz)", "image": "https://shop.wegmans.com/cdn-cgi/image/dpr=1,f=auto,q=80,h=200,w=200/https://d2d8wwwkmhfcva.cloudfront.net/800x/filters:fill(FFF,true):format(jpg)/d2lnr5mha7bycj.cloudfront.net/product-image/file/large_f653c489-b071-4a6d-9e57-bc81f78fe432.jpg"}, "9": {"name": "Wegmans Nutritional Yeast", "price": "$5.79 /ea", "price_per_ounce": "5.25 oz ($1.10/oz)", "image": "https://shop.wegmans.com/cdn-cgi/image/dpr=1,f=auto,q=80,h=200,w=200/https://d2d8wwwkmhfcva.cloudfront.net/800x/filters:fill(FFF,true):format(jpg)/d2lnr5mha7bycj.cloudfront.net/product-image/file/large_4ae7b9f8-1142-4a18-a6c8-559c652ffcb6.jpg"}, "10": {"name": "Wegmans 100% Pure Corn Starch", "price": "$1.99 /ea", "price_per_ounce": "16 oz ($0.12/oz)", "image": "https://shop.wegmans.com/cdn-cgi/image/dpr=1,f=auto,q=80,h=200,w=200/https://d2d8wwwkmhfcva.cloudfront.net/800x/filters:fill(FFF,true):format(jpg)/d2lnr5mha7bycj.cloudfront.net/product-image/file/large_19172251-84db-4758-a429-36f3c1aa12dc.jpg"}, "11": {"name": "Arm & Hammer Baking Soda, Pure", "price": "$1.19 /ea", "price_per_ounce": "16 oz ($0.07/oz)", "image": "https://shop.wegmans.com/cdn-cgi/image/dpr=1,f=auto,q=80,h=200,w=200/https://d2d8wwwkmhfcva.cloudfront.net/800x/filters:fill(FFF,true):format(jpg)/d2lnr5mha7bycj.cloudfront.net/product-image/file/large_8d6fcad1-bf51-4c83-9651-0af5d4c51237.jpg"}}, "Semi-sweet chocolate chips": {"0": {"name": "Toll House Morsels, Semi-Sweet", "price": "$2.99 /ea", "price_per_ounce": "12 oz ($0.25/oz)", "image": "https://shop.wegmans.com/cdn-cgi/image/dpr=1,f=auto,q=80,h=200,w=200/https://d2d8wwwkmhfcva.cloudfront.net/800x/filters:fill(FFF,true):format(jpg)/d2lnr5mha7bycj.cloudfront.net/product-image/file/large_5e233d21-90ff-4ee8-a9c6-f563ca4c3b92.jpg"}, "1": {"name": "Ghirardelli Chocolate Chips, Semi-Sweet", "price": "$4.29 /ea", "price_per_ounce": "12 oz ($0.36/oz)", "image": "https://shop.wegmans.com/cdn-cgi/image/dpr=1,f=auto,q=80,h=200,w=200/https://d2d8wwwkmhfcva.cloudfront.net/800x/filters:fill(FFF,true):format(jpg)/d2lnr5mha7bycj.cloudfront.net/product-image/file/large_6ca60273-9c3e-476d-b8f4-6396d5588a8a.jpg"}, "2": {"name": "Wegmans Semi-Sweet Chocolate Morsels", "price": "$2.29 /ea", "price_per_ounce": "12 oz ($0.19/oz)", "image": "https://shop.wegmans.com/cdn-cgi/image/dpr=1,f=auto,q=80,h=200,w=200/https://d2d8wwwkmhfcva.cloudfront.net/800x/filters:fill(FFF,true):format(jpg)/d2lnr5mha7bycj.cloudfront.net/product-image/file/large_8a23b140-2783-4712-99d5-a3ab18f095d9.jpg"}, "3": {"name": "Toll House Morsels, Semi-Sweet", "price": "$5.29 /ea", "price_per_ounce": "24 oz ($0.22/oz)", "image": "https://shop.wegmans.com/cdn-cgi/image/dpr=1,f=auto,q=80,h=200,w=200/https://d2d8wwwkmhfcva.cloudfront.net/800x/filters:fill(FFF,true):format(jpg)/d2lnr5mha7bycj.cloudfront.net/product-image/file/large_0f53afaf-284c-4e3f-8e26-c5387af97896.jpg"}, "4": {"name": "Toll House Morsels, Semi-Sweet", "price": "$2.99 /ea", "price_per_ounce": "12 oz ($0.25/oz)", "image": "https://shop.wegmans.com/cdn-cgi/image/dpr=1,f=auto,q=80,h=200,w=200/https://d2d8wwwkmhfcva.cloudfront.net/800x/filters:fill(FFF,true):format(jpg)/d2lnr5mha7bycj.cloudfront.net/product-image/file/large_5e233d21-90ff-4ee8-a9c6-f563ca4c3b92.jpg"}, "5": {"name": "Ghirardelli Chocolate Chips, Semi-Sweet", "price": "$4.29 /ea", "price_per_ounce": "12 oz ($0.36/oz)", "image": "https://shop.wegmans.com/cdn-cgi/image/dpr=1,f=auto,q=80,h=200,w=200/https://d2d8wwwkmhfcva.cloudfront.net/800x/filters:fill(FFF,true):format(jpg)/d2lnr5mha7bycj.cloudfront.net/product-image/file/large_6ca60273-9c3e-476d-b8f4-6396d5588a8a.jpg"}, "6": {"name": "Wegmans Semi-Sweet Chocolate Morsels", "price": "$2.29 /ea", "price_per_ounce": "12 oz ($0.19/oz)", "image": "https://shop.wegmans.com/cdn-cgi/image/dpr=1,f=auto,q=80,h=200,w=200/https://d2d8wwwkmhfcva.cloudfront.net/800x/filters:fill(FFF,true):format(jpg)/d2lnr5mha7bycj.cloudfront.net/product-image/file/large_8a23b140-2783-4712-99d5-a3ab18f095d9.jpg"}, "7": {"name": "Toll House Morsels, Semi-Sweet", "price": "$5.29 /ea", "price_per_ounce": "24 oz ($0.22/oz)", "image": "https://shop.wegmans.com/cdn-cgi/image/dpr=1,f=auto,q=80,h=200,w=200/https://d2d8wwwkmhfcva.cloudfront.net/800x/filters:fill(FFF,true):format(jpg)/d2lnr5mha7bycj.cloudfront.net/product-image/file/large_0f53afaf-284c-4e3f-8e26-c5387af97896.jpg"}, "8": {"name": "Toll House Morsels, Semi-Sweet", "price": "$2.99 /ea", "price_per_ounce": "12 oz ($0.25/oz)", "image": "https://shop.wegmans.com/cdn-cgi/image/dpr=1,f=auto,q=80,h=200,w=200/https://d2d8wwwkmhfcva.cloudfront.net/800x/filters:fill(FFF,true):format(jpg)/d2lnr5mha7bycj.cloudfront.net/product-image/file/large_5e233d21-90ff-4ee8-a9c6-f563ca4c3b92.jpg"}, "9": {"name": "Ghirardelli Chocolate Chips, Semi-Sweet", "price": "$4.29 /ea", "price_per_ounce": "12 oz ($0.36/oz)", "image": "https://shop.wegmans.com/cdn-cgi/image/dpr=1,f=auto,q=80,h=200,w=200/https://d2d8wwwkmhfcva.cloudfront.net/800x/filters:fill(FFF,true):format(jpg)/d2lnr5mha7bycj.cloudfront.net/product-image/file/large_6ca60273-9c3e-476d-b8f4-6396d5588a8a.jpg"}, "10": {"name": "Wegmans Semi-Sweet Chocolate Morsels", "price": "$2.29 /ea", "price_per_ounce": "12 oz ($0.19/oz)", "image": "https://shop.wegmans.com/cdn-cgi/image/dpr=1,f=auto,q=80,h=200,w=200/https://d2d8wwwkmhfcva.cloudfront.net/800x/filters:fill(FFF,true):format(jpg)/d2lnr5mha7bycj.cloudfront.net/product-image/file/large_8a23b140-2783-4712-99d5-a3ab18f095d9.jpg"}, "11": {"name": "Toll House Morsels, Semi-Sweet", "price": "$5.29 /ea", "price_per_ounce": "24 oz ($0.22/oz)", "image": "https://shop.wegmans.com/cdn-cgi/image/dpr=1,f=auto,q=80,h=200,w=200/https://d2d8wwwkmhfcva.cloudfront.net/800x/filters:fill(FFF,true):format(jpg)/d2lnr5mha7bycj.cloudfront.net/product-image/file/large_0f53afaf-284c-4e3f-8e26-c5387af97896.jpg"}}, "Almonds": {"0": {"name": "Wegmans Raw Almonds", "price": "$5.79 /ea", "price_per_ounce": "10.25 oz ($0.56/oz)", "image": "https://shop.wegmans.com/cdn-cgi/image/dpr=1,f=auto,q=80,h=200,w=200/https://d2d8wwwkmhfcva.cloudfront.net/800x/filters:fill(FFF,true):format(jpg)/d2lnr5mha7bycj.cloudfront.net/product-image/file/large_47d48ccb-dcb9-4532-a38e-6275d6e9da83.jpg"}, "1": {"name": "Wegmans Raw Almonds, FAMILY PACK", "price": "$11.99 /ea", "price_per_ounce": "36 oz ($0.33/oz)", "image": "https://shop.wegmans.com/cdn-cgi/image/dpr=1,f=auto,q=80,h=200,w=200/https://d2d8wwwkmhfcva.cloudfront.net/800x/filters:fill(FFF,true):format(jpg)/d2lnr5mha7bycj.cloudfront.net/product-image/file/large_06dbdb6a-7e71-4a7d-8321-b25d36039d20.jpg"}, "2": {"name": "Wegmans Sliced Almonds", "price": "$3.99 /ea", "price_per_ounce": "6 oz ($0.67/oz)", "image": "https://shop.wegmans.com/cdn-cgi/image/dpr=1,f=auto,q=80,h=200,w=200/https://d2d8wwwkmhfcva.cloudfront.net/800x/filters:fill(FFF,true):format(jpg)/d2lnr5mha7bycj.cloudfront.net/product-image/file/large_1477bb89-c9aa-4c81-a195-32cf64e0db6d.jpg"}, "3": {"name": "Wegmans Salted Roasted Almonds", "price": "$5.79 /ea", "price_per_ounce": "10.25 oz ($0.56/oz)", "image": "https://shop.wegmans.com/cdn-cgi/image/dpr=1,f=auto,q=80,h=200,w=200/https://d2d8wwwkmhfcva.cloudfront.net/800x/filters:fill(FFF,true):format(jpg)/d2lnr5mha7bycj.cloudfront.net/product-image/file/large_ee0001b7-05cb-427b-82de-e943d29d6757.jpg"}, "4": {"name": "Wegmans Raw Almonds", "price": "$5.79 /ea", "price_per_ounce": "10.25 oz ($0.56/oz)", "image": "https://shop.wegmans.com/cdn-cgi/image/dpr=1,f=auto,q=80,h=200,w=200/https://d2d8wwwkmhfcva.cloudfront.net/800x/filters:fill(FFF,true):format(jpg)/d2lnr5mha7bycj.cloudfront.net/product-image/file/large_47d48ccb-dcb9-4532-a38e-6275d6e9da83.jpg"}, "5": {"name": "Wegmans Raw Almonds, FAMILY PACK", "price": "$11.99 /ea", "price_per_ounce": "36 oz ($0.33/oz)", "image": "https://shop.wegmans.com/cdn-cgi/image/dpr=1,f=auto,q=80,h=200,w=200/https://d2d8wwwkmhfcva.cloudfront.net/800x/filters:fill(FFF,true):format(jpg)/d2lnr5mha7bycj.cloudfront.net/product-image/file/large_06dbdb6a-7e71-4a7d-8321-b25d36039d20.jpg"}, "6": {"name": "Wegmans Sliced Almonds", "price": "$3.99 /ea", "price_per_ounce": "6 oz ($0.67/oz)", "image": "https://shop.wegmans.com/cdn-cgi/image/dpr=1,f=auto,q=80,h=200,w=200/https://d2d8wwwkmhfcva.cloudfront.net/800x/filters:fill(FFF,true):format(jpg)/d2lnr5mha7bycj.cloudfront.net/product-image/file/large_1477bb89-c9aa-4c81-a195-32cf64e0db6d.jpg"}, "7": {"name": "Wegmans Salted Roasted Almonds", "price": "$5.79 /ea", "price_per_ounce": "10.25 oz ($0.56/oz)", "image": "https://shop.wegmans.com/cdn-cgi/image/dpr=1,f=auto,q=80,h=200,w=200/https://d2d8wwwkmhfcva.cloudfront.net/800x/filters:fill(FFF,true):format(jpg)/d2lnr5mha7bycj.cloudfront.net/product-image/file/large_ee0001b7-05cb-427b-82de-e943d29d6757.jpg"}, "8": {"name": "Wegmans Raw Almonds", "price": "$5.79 /ea", "price_per_ounce": "10.25 oz ($0.56/oz)", "image": "https://shop.wegmans.com/cdn-cgi/image/dpr=1,f=auto,q=80,h=200,w=200/https://d2d8wwwkmhfcva.cloudfront.net/800x/filters:fill(FFF,true):format(jpg)/d2lnr5mha7bycj.cloudfront.net/product-image/file/large_47d48ccb-dcb9-4532-a38e-6275d6e9da83.jpg"}, "9": {"name": "Wegmans Raw Almonds, FAMILY PACK", "price": "$11.99 /ea", "price_per_ounce": "36 oz ($0.33/oz)", "image": "https://shop.wegmans.com/cdn-cgi/image/dpr=1,f=auto,q=80,h=200,w=200/https://d2d8wwwkmhfcva.cloudfront.net/800x/filters:fill(FFF,true):format(jpg)/d2lnr5mha7bycj.cloudfront.net/product-image/file/large_06dbdb6a-7e71-4a7d-8321-b25d36039d20.jpg"}, "10": {"name": "Wegmans Sliced Almonds", "price": "$3.99 /ea", "price_per_ounce": "6 oz ($0.67/oz)", "image": "https://shop.wegmans.com/cdn-cgi/image/dpr=1,f=auto,q=80,h=200,w=200/https://d2d8wwwkmhfcva.cloudfront.net/800x/filters:fill(FFF,true):format(jpg)/d2lnr5mha7bycj.cloudfront.net/product-image/file/large_1477bb89-c9aa-4c81-a195-32cf64e0db6d.jpg"}, "11": {"name": "Wegmans Salted Roasted Almonds", "price": "$5.79 /ea", "price_per_ounce": "10.25 oz ($0.56/oz)", "image": "https://shop.wegmans.com/cdn-cgi/image/dpr=1,f=auto,q=80,h=200,w=200/https://d2d8wwwkmhfcva.cloudfront.net/800x/filters:fill(FFF,true):format(jpg)/d2lnr5mha7bycj.cloudfront.net/product-image/file/large_ee0001b7-05cb-427b-82de-e943d29d6757.jpg"}}, "Raisins": {"0": {"name": "Sun-Maid Raisins, California Sun-Dried", "price": "$4.79 /ea", "price_per_ounce": "20 oz ($0.24/oz)", "image": "https://shop.wegmans.com/cdn-cgi/image/dpr=1,f=auto,q=80,h=200,w=200/https://d2d8wwwkmhfcva.cloudfront.net/800x/filters:fill(FFF,true):format(jpg)/d2lnr5mha7bycj.cloudfront.net/product-image/file/large_27604d14-a239-4ba6-8d39-c2f812196e50.jpg"}, "1": {"name": "Wegmans Seedless Raisins", "price": "$3.99 /ea", "price_per_ounce": "20 oz ($0.20/oz)", "image": "https://shop.wegmans.com/cdn-cgi/image/dpr=1,f=auto,q=80,h=200,w=200/https://d2d8wwwkmhfcva.cloudfront.net/800x/filters:fill(FFF,true):format(jpg)/d2lnr5mha7bycj.cloudfront.net/product-image/file/large_8035b017-a973-4d9f-84f5-74f796942109.jpg"}, "2": {"name": "Sun-Maid California Sun-Dried Raisins 6-Pack/1oz Cartons", "price": "$2.19 /ea", "price_per_ounce": "6 x 10 oz ($0.37/ea)", "image": "https://shop.wegmans.com/cdn-cgi/image/dpr=1,f=auto,q=80,h=200,w=200/https://d2d8wwwkmhfcva.cloudfront.net/800x/filters:fill(FFF,true):format(jpg)/d2lnr5mha7bycj.cloudfront.net/product-image/file/large_8ca54b7c-20cd-4561-8ec5-4c38752054f2.jpg"}, "3": {"name": "Wegmans Seedless Raisins", "price": "$1.99 /ea", "price_per_ounce": "6 oz ($0.33/oz)", "image": "https://shop.wegmans.com/cdn-cgi/image/dpr=1,f=auto,q=80,h=200,w=200/https://d2d8wwwkmhfcva.cloudfront.net/800x/filters:fill(FFF,true):format(jpg)/d2lnr5mha7bycj.cloudfront.net/product-image/file/large_5d8a4c1c-8f30-4b33-9392-29484cf9944b.jpg"}, "4": {"name": "Sun-Maid Raisins, California Sun-Dried", "price": "$4.79 /ea", "price_per_ounce": "20 oz ($0.24/oz)", "image": "https://shop.wegmans.com/cdn-cgi/image/dpr=1,f=auto,q=80,h=200,w=200/https://d2d8wwwkmhfcva.cloudfront.net/800x/filters:fill(FFF,true):format(jpg)/d2lnr5mha7bycj.cloudfront.net/product-image/file/large_27604d14-a239-4ba6-8d39-c2f812196e50.jpg"}, "5": {"name": "Wegmans Seedless Raisins", "price": "$3.99 /ea", "price_per_ounce": "20 oz ($0.20/oz)", "image": "https://shop.wegmans.com/cdn-cgi/image/dpr=1,f=auto,q=80,h=200,w=200/https://d2d8wwwkmhfcva.cloudfront.net/800x/filters:fill(FFF,true):format(jpg)/d2lnr5mha7bycj.cloudfront.net/product-image/file/large_8035b017-a973-4d9f-84f5-74f796942109.jpg"}, "6": {"name": "Sun-Maid California Sun-Dried Raisins 6-Pack/1oz Cartons", "price": "$2.19 /ea", "price_per_ounce": "6 x 10 oz ($0.37/ea)", "image": "https://shop.wegmans.com/cdn-cgi/image/dpr=1,f=auto,q=80,h=200,w=200/https://d2d8wwwkmhfcva.cloudfront.net/800x/filters:fill(FFF,true):format(jpg)/d2lnr5mha7bycj.cloudfront.net/product-image/file/large_8ca54b7c-20cd-4561-8ec5-4c38752054f2.jpg"}, "7": {"name": "Wegmans Seedless Raisins", "price": "$1.99 /ea", "price_per_ounce": "6 oz ($0.33/oz)", "image": "https://shop.wegmans.com/cdn-cgi/image/dpr=1,f=auto,q=80,h=200,w=200/https://d2d8wwwkmhfcva.cloudfront.net/800x/filters:fill(FFF,true):format(jpg)/d2lnr5mha7bycj.cloudfront.net/product-image/file/large_5d8a4c1c-8f30-4b33-9392-29484cf9944b.jpg"}, "8": {"name": "Sun-Maid Raisins, California Sun-Dried", "price": "$4.79 /ea", "price_per_ounce": "20 oz ($0.24/oz)", "image": "https://shop.wegmans.com/cdn-cgi/image/dpr=1,f=auto,q=80,h=200,w=200/https://d2d8wwwkmhfcva.cloudfront.net/800x/filters:fill(FFF,true):format(jpg)/d2lnr5mha7bycj.cloudfront.net/product-image/file/large_27604d14-a239-4ba6-8d39-c2f812196e50.jpg"}, "9": {"name": "Wegmans Seedless Raisins", "price": "$3.99 /ea", "price_per_ounce": "20 oz ($0.20/oz)", "image": "https://shop.wegmans.com/cdn-cgi/image/dpr=1,f=auto,q=80,h=200,w=200/https://d2d8wwwkmhfcva.cloudfront.net/800x/filters:fill(FFF,true):format(jpg)/d2lnr5mha7bycj.cloudfront.net/product-image/file/large_8035b017-a973-4d9f-84f5-74f796942109.jpg"}, "10": {"name": "Sun-Maid California Sun-Dried Raisins 6-Pack/1oz Cartons", "price": "$2.19 /ea", "price_per_ounce": "6 x 10 oz ($0.37/ea)", "image": "https://shop.wegmans.com/cdn-cgi/image/dpr=1,f=auto,q=80,h=200,w=200/https://d2d8wwwkmhfcva.cloudfront.net/800x/filters:fill(FFF,true):format(jpg)/d2lnr5mha7bycj.cloudfront.net/product-image/file/large_8ca54b7c-20cd-4561-8ec5-4c38752054f2.jpg"}, "11": {"name": "Wegmans Seedless Raisins", "price": "$1.99 /ea", "price_per_ounce": "6 oz ($0.33/oz)", "image": "https://shop.wegmans.com/cdn-cgi/image/dpr=1,f=auto,q=80,h=200,w=200/https://d2d8wwwkmhfcva.cloudfront.net/800x/filters:fill(FFF,true):format(jpg)/d2lnr5mha7bycj.cloudfront.net/product-image/file/large_5d8a4c1c-8f30-4b33-9392-29484cf9944b.jpg"}}, "Ground coffee": {"0": {"name": "Wegmans Coffee, Specialty, Ground, Pumpkin Spice, Decaffeinated", "price": "$6.99 /ea", "price_per_ounce": "10 oz ($0.70/oz)", "image": "https://shop.wegmans.com/cdn-cgi/image/dpr=1,f=auto,q=80,h=200,w=200/https://d2d8wwwkmhfcva.cloudfront.net/800x/filters:fill(FFF,true):format(jpg)/d2lnr5mha7bycj.cloudfront.net/product-image/file/large_e7c86792-64bf-4a48-8567-821889ad4315.jpg"}, "1": {"name": "Wegmans Colombian Ground Coffee", "price": "$5.49 /ea", "price_per_ounce": "12 oz ($0.46/oz)", "image": "https://shop.wegmans.com/cdn-cgi/image/dpr=1,f=auto,q=80,h=200,w=200/https://d2d8wwwkmhfcva.cloudfront.net/800x/filters:fill(FFF,true):format(jpg)/d2lnr5mha7bycj.cloudfront.net/product-image/file/large_b04e100b-021f-419d-bc3f-8b79cde8e9ed.jpg"}, "2": {"name": "Wegmans Breakfast Blend Ground Coffee", "price": "$4.99 /ea", "price_per_ounce": "12 oz ($0.42/oz)", "image": "https://shop.wegmans.com/cdn-cgi/image/dpr=1,f=auto,q=80,h=200,w=200/https://d2d8wwwkmhfcva.cloudfront.net/800x/filters:fill(FFF,true):format(jpg)/d2lnr5mha7bycj.cloudfront.net/product-image/file/large_0ab0d631-6289-4a83-8f9e-34f0c1f34621.jpg"}, "3": {"name": "Wegmans Coffee, Specialty, Ground, Salted Caramel", "price": "$6.99 /ea", "price_per_ounce": "10 oz ($0.70/oz)", "image": "https://shop.wegmans.com/cdn-cgi/image/dpr=1,f=auto,q=80,h=200,w=200/https://d2d8wwwkmhfcva.cloudfront.net/800x/filters:fill(FFF,true):format(jpg)/d2lnr5mha7bycj.cloudfront.net/product-image/file/large_15638030-2062-4d08-af6d-3bf2cc5c935d.jpg"}, "4": {"name": "Wegmans Coffee, Specialty, Ground, Pumpkin Spice, Decaffeinated", "price": "$6.99 /ea", "price_per_ounce": "10 oz ($0.70/oz)", "image": "https://shop.wegmans.com/cdn-cgi/image/dpr=1,f=auto,q=80,h=200,w=200/https://d2d8wwwkmhfcva.cloudfront.net/800x/filters:fill(FFF,true):format(jpg)/d2lnr5mha7bycj.cloudfront.net/product-image/file/large_e7c86792-64bf-4a48-8567-821889ad4315.jpg"}, "5": {"name": "Wegmans Colombian Ground Coffee", "price": "$5.49 /ea", "price_per_ounce": "12 oz ($0.46/oz)", "image": "https://shop.wegmans.com/cdn-cgi/image/dpr=1,f=auto,q=80,h=200,w=200/https://d2d8wwwkmhfcva.cloudfront.net/800x/filters:fill(FFF,true):format(jpg)/d2lnr5mha7bycj.cloudfront.net/product-image/file/large_b04e100b-021f-419d-bc3f-8b79cde8e9ed.jpg"}, "6": {"name": "Wegmans Breakfast Blend Ground Coffee", "price": "$4.99 /ea", "price_per_ounce": "12 oz ($0.42/oz)", "image": "https://shop.wegmans.com/cdn-cgi/image/dpr=1,f=auto,q=80,h=200,w=200/https://d2d8wwwkmhfcva.cloudfront.net/800x/filters:fill(FFF,true):format(jpg)/d2lnr5mha7bycj.cloudfront.net/product-image/file/large_0ab0d631-6289-4a83-8f9e-34f0c1f34621.jpg"}, "7": {"name": "Wegmans Coffee, Specialty, Ground, Salted Caramel", "price": "$6.99 /ea", "price_per_ounce": "10 oz ($0.70/oz)", "image": "https://shop.wegmans.com/cdn-cgi/image/dpr=1,f=auto,q=80,h=200,w=200/https://d2d8wwwkmhfcva.cloudfront.net/800x/filters:fill(FFF,true):format(jpg)/d2lnr5mha7bycj.cloudfront.net/product-image/file/large_15638030-2062-4d08-af6d-3bf2cc5c935d.jpg"}, "8": {"name": "Wegmans Coffee, Specialty, Ground, Pumpkin Spice, Decaffeinated", "price": "$6.99 /ea", "price_per_ounce": "10 oz ($0.70/oz)", "image": "https://shop.wegmans.com/cdn-cgi/image/dpr=1,f=auto,q=80,h=200,w=200/https://d2d8wwwkmhfcva.cloudfront.net/800x/filters:fill(FFF,true):format(jpg)/d2lnr5mha7bycj.cloudfront.net/product-image/file/large_e7c86792-64bf-4a48-8567-821889ad4315.jpg"}, "9": {"name": "Wegmans Colombian Ground Coffee", "price": "$5.49 /ea", "price_per_ounce": "12 oz ($0.46/oz)", "image": "https://shop.wegmans.com/cdn-cgi/image/dpr=1,f=auto,q=80,h=200,w=200/https://d2d8wwwkmhfcva.cloudfront.net/800x/filters:fill(FFF,true):format(jpg)/d2lnr5mha7bycj.cloudfront.net/product-image/file/large_b04e100b-021f-419d-bc3f-8b79cde8e9ed.jpg"}, "10": {"name": "Wegmans Breakfast Blend Ground Coffee", "price": "$4.99 /ea", "price_per_ounce": "12 oz ($0.42/oz)", "image": "https://shop.wegmans.com/cdn-cgi/image/dpr=1,f=auto,q=80,h=200,w=200/https://d2d8wwwkmhfcva.cloudfront.net/800x/filters:fill(FFF,true):format(jpg)/d2lnr5mha7bycj.cloudfront.net/product-image/file/large_0ab0d631-6289-4a83-8f9e-34f0c1f34621.jpg"}, "11": {"name": "Wegmans Coffee, Specialty, Ground, Salted Caramel", "price": "$6.99 /ea", "price_per_ounce": "10 oz ($0.70/oz)", "image": "https://shop.wegmans.com/cdn-cgi/image/dpr=1,f=auto,q=80,h=200,w=200/https://d2d8wwwkmhfcva.cloudfront.net/800x/filters:fill(FFF,true):format(jpg)/d2lnr5mha7bycj.cloudfront.net/product-image/file/large_15638030-2062-4d08-af6d-3bf2cc5c935d.jpg"}}, "Black tea bags": {}, "Cola": {"0": {"name": "Coca-Cola Cola, Original Taste, Fridge Pack", "price": "$7.99 /ea", "price_per_ounce": "12 x 12 fl oz ($0.67/ea)", "image": "https://shop.wegmans.com/cdn-cgi/image/dpr=1,f=auto,q=80,h=200,w=200/https://d2d8wwwkmhfcva.cloudfront.net/800x/filters:fill(FFF,true):format(jpg)/d2lnr5mha7bycj.cloudfront.net/product-image/file/large_1c567e4f-53ff-46a0-b54e-a71c526283e4.jpg"}, "1": {"name": "Coca-Cola Cola", "price": "$34.99 /ea", "price_per_ounce": "24 x 12 fl oz ($1.46/ea)", "image": "https://shop.wegmans.com/cdn-cgi/image/dpr=1,f=auto,q=80,h=200,w=200/https://d2d8wwwkmhfcva.cloudfront.net/800x/filters:fill(FFF,true):format(jpg)/d2lnr5mha7bycj.cloudfront.net/product-image/file/large_95c55496-7154-4a4e-80a6-9ca60d18f20d.jpg"}, "2": {"name": "Coca-Cola Cola, Original Taste", "price": "$2.69 /ea", "price_per_ounce": "2 L ($1.35/l)", "image": "https://shop.wegmans.com/cdn-cgi/image/dpr=1,f=auto,q=80,h=200,w=200/https://d2d8wwwkmhfcva.cloudfront.net/800x/filters:fill(FFF,true):format(jpg)/d2lnr5mha7bycj.cloudfront.net/product-image/file/large_5962d2f3-e5c7-4c7a-867e-2675d91ee7c1.jpg"}, "3": {"name": "Coca-Cola Soda, Original Taste", "price": "$1.69 /ea", "price_per_ounce": "1.25 L ($1.35/l)", "image": "https://shop.wegmans.com/cdn-cgi/image/dpr=1,f=auto,q=80,h=200,w=200/https://d2d8wwwkmhfcva.cloudfront.net/800x/filters:fill(FFF,true):format(jpg)/d2lnr5mha7bycj.cloudfront.net/product-image/file/large_2ddba781-f471-48b2-83fd-4d66f16c2a0f.jpg"}, "4": {"name": "Coca-Cola Cola, Original Taste, Fridge Pack", "price": "$7.99 /ea", "price_per_ounce": "12 x 12 fl oz ($0.67/ea)", "image": "https://shop.wegmans.com/cdn-cgi/image/dpr=1,f=auto,q=80,h=200,w=200/https://d2d8wwwkmhfcva.cloudfront.net/800x/filters:fill(FFF,true):format(jpg)/d2lnr5mha7bycj.cloudfront.net/product-image/file/large_1c567e4f-53ff-46a0-b54e-a71c526283e4.jpg"}, "5": {"name": "Coca-Cola Cola", "price": "$34.99 /ea", "price_per_ounce": "24 x 12 fl oz ($1.46/ea)", "image": "https://shop.wegmans.com/cdn-cgi/image/dpr=1,f=auto,q=80,h=200,w=200/https://d2d8wwwkmhfcva.cloudfront.net/800x/filters:fill(FFF,true):format(jpg)/d2lnr5mha7bycj.cloudfront.net/product-image/file/large_95c55496-7154-4a4e-80a6-9ca60d18f20d.jpg"}, "6": {"name": "Coca-Cola Cola, Original Taste", "price": "$2.69 /ea", "price_per_ounce": "2 L ($1.35/l)", "image": "https://shop.wegmans.com/cdn-cgi/image/dpr=1,f=auto,q=80,h=200,w=200/https://d2d8wwwkmhfcva.cloudfront.net/800x/filters:fill(FFF,true):format(jpg)/d2lnr5mha7bycj.cloudfront.net/product-image/file/large_5962d2f3-e5c7-4c7a-867e-2675d91ee7c1.jpg"}, "7": {"name": "Coca-Cola Soda, Original Taste", "price": "$1.69 /ea", "price_per_ounce": "1.25 L ($1.35/l)", "image": "https://shop.wegmans.com/cdn-cgi/image/dpr=1,f=auto,q=80,h=200,w=200/https://d2d8wwwkmhfcva.cloudfront.net/800x/filters:fill(FFF,true):format(jpg)/d2lnr5mha7bycj.cloudfront.net/product-image/file/large_2ddba781-f471-48b2-83fd-4d66f16c2a0f.jpg"}, "8": {"name": "Coca-Cola Cola, Original Taste, Fridge Pack", "price": "$7.99 /ea", "price_per_ounce": "12 x 12 fl oz ($0.67/ea)", "image": "https://shop.wegmans.com/cdn-cgi/image/dpr=1,f=auto,q=80,h=200,w=200/https://d2d8wwwkmhfcva.cloudfront.net/800x/filters:fill(FFF,true):format(jpg)/d2lnr5mha7bycj.cloudfront.net/product-image/file/large_1c567e4f-53ff-46a0-b54e-a71c526283e4.jpg"}, "9": {"name": "Coca-Cola Cola", "price": "$34.99 /ea", "price_per_ounce": "24 x 12 fl oz ($1.46/ea)", "image": "https://shop.wegmans.com/cdn-cgi/image/dpr=1,f=auto,q=80,h=200,w=200/https://d2d8wwwkmhfcva.cloudfront.net/800x/filters:fill(FFF,true):format(jpg)/d2lnr5mha7bycj.cloudfront.net/product-image/file/large_95c55496-7154-4a4e-80a6-9ca60d18f20d.jpg"}, "10": {"name": "Coca-Cola Cola, Original Taste", "price": "$2.69 /ea", "price_per_ounce": "2 L ($1.35/l)", "image": "https://shop.wegmans.com/cdn-cgi/image/dpr=1,f=auto,q=80,h=200,w=200/https://d2d8wwwkmhfcva.cloudfront.net/800x/filters:fill(FFF,true):format(jpg)/d2lnr5mha7bycj.cloudfront.net/product-image/file/large_5962d2f3-e5c7-4c7a-867e-2675d91ee7c1.jpg"}, "11": {"name": "Coca-Cola Soda, Original Taste", "price": "$1.69 /ea", "price_per_ounce": "1.25 L ($1.35/l)", "image": "https://shop.wegmans.com/cdn-cgi/image/dpr=1,f=auto,q=80,h=200,w=200/https://d2d8wwwkmhfcva.cloudfront.net/800x/filters:fill(FFF,true):format(jpg)/d2lnr5mha7bycj.cloudfront.net/product-image/file/large_2ddba781-f471-48b2-83fd-4d66f16c2a0f.jpg"}}, "Bottled water": {"0": {"name": "Wegmans Be U Alkaline PH Water 12 Pack FAMILY PACK", "price": "$14.99 /ea", "price_per_ounce": "12 x 50.7 fl oz ($1.25/ea)", "image": "https://shop.wegmans.com/cdn-cgi/image/dpr=1,f=auto,q=80,h=200,w=200/https://d2d8wwwkmhfcva.cloudfront.net/800x/filters:fill(FFF,true):format(jpg)/d2lnr5mha7bycj.cloudfront.net/product-image/file/large_f99ebb26-554c-4116-876c-0791f2f89ebf.jpg"}, "1": {"name": "Wegmans Sparkling Water Mandarin Orange Sparkling Water 12 Pack Cans", "price": "$3.99 /ea", "price_per_ounce": "12 x 12 fl oz ($0.33/ea)", "image": "https://shop.wegmans.com/cdn-cgi/image/dpr=1,f=auto,q=80,h=200,w=200/https://d2d8wwwkmhfcva.cloudfront.net/800x/filters:fill(FFF,true):format(jpg)/d2lnr5mha7bycj.cloudfront.net/product-image/file/large_49898d55-c128-4e7b-941c-b2fa66e11214.jpg"}, "2": {"name": "Wegmans Wonder Water Watermelon 12 Pack FAMILY PACK", "price": "$7.49 /ea", "price_per_ounce": "12 x 16 fl oz ($0.62/ea)", "image": "https://shop.wegmans.com/cdn-cgi/image/dpr=1,f=auto,q=80,h=200,w=200/https://d2d8wwwkmhfcva.cloudfront.net/800x/filters:fill(FFF,true):format(jpg)/d2lnr5mha7bycj.cloudfront.net/product-image/file/large_3d6a17f9-3416-48f8-8213-0ccde6b922c0.jpg"}, "3": {"name": "Wegmans Spring Water, 15 pack bottles", "price": "$2.99 /ea", "price_per_ounce": "15 x 16.9 fl oz ($0.20/ea)", "image": "https://shop.wegmans.com/cdn-cgi/image/dpr=1,f=auto,q=80,h=200,w=200/https://d2d8wwwkmhfcva.cloudfront.net/800x/filters:fill(FFF,true):format(jpg)/d2lnr5mha7bycj.cloudfront.net/product-image/file/large_a399bd7a-21ef-4be5-b8f0-a4b98489bdfa.jpg"}, "4": {"name": "Wegmans Be U Alkaline PH Water 12 Pack FAMILY PACK", "price": "$14.99 /ea", "price_per_ounce": "12 x 50.7 fl oz ($1.25/ea)", "image": "https://shop.wegmans.com/cdn-cgi/image/dpr=1,f=auto,q=80,h=200,w=200/https://d2d8wwwkmhfcva.cloudfront.net/800x/filters:fill(FFF,true):format(jpg)/d2lnr5mha7bycj.cloudfront.net/product-image/file/large_f99ebb26-554c-4116-876c-0791f2f89ebf.jpg"}, "5": {"name": "Wegmans Sparkling Water Mandarin Orange Sparkling Water 12 Pack Cans", "price": "$3.99 /ea", "price_per_ounce": "12 x 12 fl oz ($0.33/ea)", "image": "https://shop.wegmans.com/cdn-cgi/image/dpr=1,f=auto,q=80,h=200,w=200/https://d2d8wwwkmhfcva.cloudfront.net/800x/filters:fill(FFF,true):format(jpg)/d2lnr5mha7bycj.cloudfront.net/product-image/file/large_49898d55-c128-4e7b-941c-b2fa66e11214.jpg"}, "6": {"name": "Wegmans Wonder Water Watermelon 12 Pack FAMILY PACK", "price": "$7.49 /ea", "price_per_ounce": "12 x 16 fl oz ($0.62/ea)", "image": "https://shop.wegmans.com/cdn-cgi/image/dpr=1,f=auto,q=80,h=200,w=200/https://d2d8wwwkmhfcva.cloudfront.net/800x/filters:fill(FFF,true):format(jpg)/d2lnr5mha7bycj.cloudfront.net/product-image/file/large_3d6a17f9-3416-48f8-8213-0ccde6b922c0.jpg"}, "7": {"name": "Wegmans Spring Water, 15 pack bottles", "price": "$2.99 /ea", "price_per_ounce": "15 x 16.9 fl oz ($0.20/ea)", "image": "https://shop.wegmans.com/cdn-cgi/image/dpr=1,f=auto,q=80,h=200,w=200/https://d2d8wwwkmhfcva.cloudfront.net/800x/filters:fill(FFF,true):format(jpg)/d2lnr5mha7bycj.cloudfront.net/product-image/file/large_a399bd7a-21ef-4be5-b8f0-a4b98489bdfa.jpg"}, "8": {"name": "Wegmans Be U Alkaline PH Water 12 Pack FAMILY PACK", "price": "$14.99 /ea", "price_per_ounce": "12 x 50.7 fl oz ($1.25/ea)", "image": "https://shop.wegmans.com/cdn-cgi/image/dpr=1,f=auto,q=80,h=200,w=200/https://d2d8wwwkmhfcva.cloudfront.net/800x/filters:fill(FFF,true):format(jpg)/d2lnr5mha7bycj.cloudfront.net/product-image/file/large_f99ebb26-554c-4116-876c-0791f2f89ebf.jpg"}, "9": {"name": "Wegmans Sparkling Water Mandarin Orange Sparkling Water 12 Pack Cans", "price": "$3.99 /ea", "price_per_ounce": "12 x 12 fl oz ($0.33/ea)", "image": "https://shop.wegmans.com/cdn-cgi/image/dpr=1,f=auto,q=80,h=200,w=200/https://d2d8wwwkmhfcva.cloudfront.net/800x/filters:fill(FFF,true):format(jpg)/d2lnr5mha7bycj.cloudfront.net/product-image/file/large_49898d55-c128-4e7b-941c-b2fa66e11214.jpg"}, "10": {"name": "Wegmans Wonder Water Watermelon 12 Pack FAMILY PACK", "price": "$7.49 /ea", "price_per_ounce": "12 x 16 fl oz ($0.62/ea)", "image": "https://shop.wegmans.com/cdn-cgi/image/dpr=1,f=auto,q=80,h=200,w=200/https://d2d8wwwkmhfcva.cloudfront.net/800x/filters:fill(FFF,true):format(jpg)/d2lnr5mha7bycj.cloudfront.net/product-image/file/large_3d6a17f9-3416-48f8-8213-0ccde6b922c0.jpg"}, "11": {"name": "Wegmans Spring Water, 15 pack bottles", "price": "$2.99 /ea", "price_per_ounce": "15 x 16.9 fl oz ($0.20/ea)", "image": "https://shop.wegmans.com/cdn-cgi/image/dpr=1,f=auto,q=80,h=200,w=200/https://d2d8wwwkmhfcva.cloudfront.net/800x/filters:fill(FFF,true):format(jpg)/d2lnr5mha7bycj.cloudfront.net/product-image/file/large_a399bd7a-21ef-4be5-b8f0-a4b98489bdfa.jpg"}}, "Orange juice": {"0": {"name": "Wegmans Organic Original Pulp Free Premium Orange Juice", "price": "$5.29 /ea", "price_per_ounce": "52 fl oz ($0.10/fl oz)", "image": "https://shop.wegmans.com/cdn-cgi/image/dpr=1,f=auto,q=80,h=200,w=200/https://d2d8wwwkmhfcva.cloudfront.net/800x/filters:fill(FFF,true):format(jpg)/d2lnr5mha7bycj.cloudfront.net/product-image/file/large_96a6201a-45eb-41b2-a172-2ec5d8ee0258.jpg"}, "1": {"name": "Wegmans Organic Premium Orange Juice with Calcium & Vitamin D", "price": "$5.29 /ea", "price_per_ounce": "52 fl oz ($0.10/fl oz)", "image": "https://shop.wegmans.com/cdn-cgi/image/dpr=1,f=auto,q=80,h=200,w=200/https://d2d8wwwkmhfcva.cloudfront.net/800x/filters:fill(FFF,true):format(jpg)/d2lnr5mha7bycj.cloudfront.net/product-image/file/large_244e460c-8f10-427b-ac99-90d769ff9a6e.jpg"}, "2": {"name": "Wegmans Organic Juice, Orange, Carrot Turmeric, Cold Pressured", "price": "$6.00 /ea", "price_per_ounce": "14.5 fl oz ($0.41/fl oz)", "image": "https://shop.wegmans.com/cdn-cgi/image/dpr=1,f=auto,q=80,h=200,w=200/https://d2d8wwwkmhfcva.cloudfront.net/800x/filters:fill(FFF,true):format(jpg)/d2lnr5mha7bycj.cloudfront.net/product-image/file/large_7154fa9e-3800-4c49-ac3a-728169ab24fb.jpg"}, "3": {"name": "Wegmans Premium No Pulp Orange Juice", "price": "$2.99 /ea", "price_per_ounce": "59 fl oz ($0.05/fl oz)", "image": "https://shop.wegmans.com/cdn-cgi/image/dpr=1,f=auto,q=80,h=200,w=200/https://d2d8wwwkmhfcva.cloudfront.net/800x/filters:fill(FFF,true):format(jpg)/d2lnr5mha7bycj.cloudfront.net/product-image/file/large_38e6e0b0-c9fb-4b00-a4a9-0ebc0ede0885.jpg"}, "4": {"name": "Wegmans Organic Original Pulp Free Premium Orange Juice", "price": "$5.29 /ea", "price_per_ounce": "52 fl oz ($0.10/fl oz)", "image": "https://shop.wegmans.com/cdn-cgi/image/dpr=1,f=auto,q=80,h=200,w=200/https://d2d8wwwkmhfcva.cloudfront.net/800x/filters:fill(FFF,true):format(jpg)/d2lnr5mha7bycj.cloudfront.net/product-image/file/large_96a6201a-45eb-41b2-a172-2ec5d8ee0258.jpg"}, "5": {"name": "Wegmans Organic Premium Orange Juice with Calcium & Vitamin D", "price": "$5.29 /ea", "price_per_ounce": "52 fl oz ($0.10/fl oz)", "image": "https://shop.wegmans.com/cdn-cgi/image/dpr=1,f=auto,q=80,h=200,w=200/https://d2d8wwwkmhfcva.cloudfront.net/800x/filters:fill(FFF,true):format(jpg)/d2lnr5mha7bycj.cloudfront.net/product-image/file/large_244e460c-8f10-427b-ac99-90d769ff9a6e.jpg"}, "6": {"name": "Wegmans Organic Juice, Orange, Carrot Turmeric, Cold Pressured", "price": "$6.00 /ea", "price_per_ounce": "14.5 fl oz ($0.41/fl oz)", "image": "https://shop.wegmans.com/cdn-cgi/image/dpr=1,f=auto,q=80,h=200,w=200/https://d2d8wwwkmhfcva.cloudfront.net/800x/filters:fill(FFF,true):format(jpg)/d2lnr5mha7bycj.cloudfront.net/product-image/file/large_7154fa9e-3800-4c49-ac3a-728169ab24fb.jpg"}, "7": {"name": "Wegmans Premium No Pulp Orange Juice", "price": "$2.99 /ea", "price_per_ounce": "59 fl oz ($0.05/fl oz)", "image": "https://shop.wegmans.com/cdn-cgi/image/dpr=1,f=auto,q=80,h=200,w=200/https://d2d8wwwkmhfcva.cloudfront.net/800x/filters:fill(FFF,true):format(jpg)/d2lnr5mha7bycj.cloudfront.net/product-image/file/large_38e6e0b0-c9fb-4b00-a4a9-0ebc0ede0885.jpg"}, "8": {"name": "Wegmans Organic Original Pulp Free Premium Orange Juice", "price": "$5.29 /ea", "price_per_ounce": "52 fl oz ($0.10/fl oz)", "image": "https://shop.wegmans.com/cdn-cgi/image/dpr=1,f=auto,q=80,h=200,w=200/https://d2d8wwwkmhfcva.cloudfront.net/800x/filters:fill(FFF,true):format(jpg)/d2lnr5mha7bycj.cloudfront.net/product-image/file/large_96a6201a-45eb-41b2-a172-2ec5d8ee0258.jpg"}, "9": {"name": "Wegmans Organic Premium Orange Juice with Calcium & Vitamin D", "price": "$5.29 /ea", "price_per_ounce": "52 fl oz ($0.10/fl oz)", "image": "https://shop.wegmans.com/cdn-cgi/image/dpr=1,f=auto,q=80,h=200,w=200/https://d2d8wwwkmhfcva.cloudfront.net/800x/filters:fill(FFF,true):format(jpg)/d2lnr5mha7bycj.cloudfront.net/product-image/file/large_244e460c-8f10-427b-ac99-90d769ff9a6e.jpg"}, "10": {"name": "Wegmans Organic Juice, Orange, Carrot Turmeric, Cold Pressured", "price": "$6.00 /ea", "price_per_ounce": "14.5 fl oz ($0.41/fl oz)", "image": "https://shop.wegmans.com/cdn-cgi/image/dpr=1,f=auto,q=80,h=200,w=200/https://d2d8wwwkmhfcva.cloudfront.net/800x/filters:fill(FFF,true):format(jpg)/d2lnr5mha7bycj.cloudfront.net/product-image/file/large_7154fa9e-3800-4c49-ac3a-728169ab24fb.jpg"}, "11": {"name": "Wegmans Premium No Pulp Orange Juice", "price": "$2.99 /ea", "price_per_ounce": "59 fl oz ($0.05/fl oz)", "image": "https://shop.wegmans.com/cdn-cgi/image/dpr=1,f=auto,q=80,h=200,w=200/https://d2d8wwwkmhfcva.cloudfront.net/800x/filters:fill(FFF,true):format(jpg)/d2lnr5mha7bycj.cloudfront.net/product-image/file/large_38e6e0b0-c9fb-4b00-a4a9-0ebc0ede0885.jpg"}}, "Soy sauce": {"0": {"name": "Wegmans Reduced Sodium Soy Sauce", "price": "$3.49 /ea", "price_per_ounce": "11.4 fl oz ($0.31/fl oz)", "image": "https://shop.wegmans.com/cdn-cgi/image/dpr=1,f=auto,q=80,h=200,w=200/https://d2d8wwwkmhfcva.cloudfront.net/800x/filters:fill(FFF,true):format(jpg)/d2lnr5mha7bycj.cloudfront.net/product-image/file/large_ad5b0e22-2a3c-4e75-a231-26add3fa25da.jpg"}, "1": {"name": "Wegmans Soy Sauce", "price": "$3.49 /ea", "price_per_ounce": "11.4 fl oz ($0.31/fl oz)", "image": "https://shop.wegmans.com/cdn-cgi/image/dpr=1,f=auto,q=80,h=200,w=200/https://d2d8wwwkmhfcva.cloudfront.net/800x/filters:fill(FFF,true):format(jpg)/d2lnr5mha7bycj.cloudfront.net/product-image/file/large_b8e5c7e1-e34d-4361-ad55-eaa36172fd0f.jpg"}, "2": {"name": "Wegmans Sushi Soy Sauce, Reduced Sodium", "price": "$3.49 /ea", "price_per_ounce": "5 fl oz ($0.70/fl oz)", "image": "https://shop.wegmans.com/cdn-cgi/image/dpr=1,f=auto,q=80,h=200,w=200/https://d2d8wwwkmhfcva.cloudfront.net/800x/filters:fill(FFF,true):format(jpg)/d2lnr5mha7bycj.cloudfront.net/product-image/file/large_a549c254-c9c8-4e44-a0e2-d5d8932b274d.jpg"}, "3": {"name": "Wegmans Citrus Soy Sauce", "price": "$2.49 /ea", "price_per_ounce": "4 oz ($0.62/oz)", "image": "https://shop.wegmans.com/cdn-cgi/image/dpr=1,f=auto,q=80,h=200,w=200/https://d2d8wwwkmhfcva.cloudfront.net/800x/filters:fill(FFF,true):format(jpg)/d2lnr5mha7bycj.cloudfront.net/product-image/file/large_a980f704-5496-42d6-bd42-0ccc92880120.jpg"}, "4": {"name": "Wegmans Reduced Sodium Soy Sauce", "price": "$3.49 /ea", "price_per_ounce": "11.4 fl oz ($0.31/fl oz)", "image": "https://shop.wegmans.com/cdn-cgi/image/dpr=1,f=auto,q=80,h=200,w=200/https://d2d8wwwkmhfcva.cloudfront.net/800x/filters:fill(FFF,true):format(jpg)/d2lnr5mha7bycj.cloudfront.net/product-image/file/large_ad5b0e22-2a3c-4e75-a231-26add3fa25da.jpg"}, "5": {"name": "Wegmans Soy Sauce", "price": "$3.49 /ea", "price_per_ounce": "11.4 fl oz ($0.31/fl oz)", "image": "https://shop.wegmans.com/cdn-cgi/image/dpr=1,f=auto,q=80,h=200,w=200/https://d2d8wwwkmhfcva.cloudfront.net/800x/filters:fill(FFF,true):format(jpg)/d2lnr5mha7bycj.cloudfront.net/product-image/file/large_b8e5c7e1-e34d-4361-ad55-eaa36172fd0f.jpg"}, "6": {"name": "Wegmans Sushi Soy Sauce, Reduced Sodium", "price": "$3.49 /ea", "price_per_ounce": "5 fl oz ($0.70/fl oz)", "image": "https://shop.wegmans.com/cdn-cgi/image/dpr=1,f=auto,q=80,h=200,w=200/https://d2d8wwwkmhfcva.cloudfront.net/800x/filters:fill(FFF,true):format(jpg)/d2lnr5mha7bycj.cloudfront.net/product-image/file/large_a549c254-c9c8-4e44-a0e2-d5d8932b274d.jpg"}, "7": {"name": "Wegmans Citrus Soy Sauce", "price": "$2.49 /ea", "price_per_ounce": "4 oz ($0.62/oz)", "image": "https://shop.wegmans.com/cdn-cgi/image/dpr=1,f=auto,q=80,h=200,w=200/https://d2d8wwwkmhfcva.cloudfront.net/800x/filters:fill(FFF,true):format(jpg)/d2lnr5mha7bycj.cloudfront.net/product-image/file/large_a980f704-5496-42d6-bd42-0ccc92880120.jpg"}, "8": {"name": "Wegmans Reduced Sodium Soy Sauce", "price": "$3.49 /ea", "price_per_ounce": "11.4 fl oz ($0.31/fl oz)", "image": "https://shop.wegmans.com/cdn-cgi/image/dpr=1,f=auto,q=80,h=200,w=200/https://d2d8wwwkmhfcva.cloudfront.net/800x/filters:fill(FFF,true):format(jpg)/d2lnr5mha7bycj.cloudfront.net/product-image/file/large_ad5b0e22-2a3c-4e75-a231-26add3fa25da.jpg"}, "9": {"name": "Wegmans Soy Sauce", "price": "$3.49 /ea", "price_per_ounce": "11.4 fl oz ($0.31/fl oz)", "image": "https://shop.wegmans.com/cdn-cgi/image/dpr=1,f=auto,q=80,h=200,w=200/https://d2d8wwwkmhfcva.cloudfront.net/800x/filters:fill(FFF,true):format(jpg)/d2lnr5mha7bycj.cloudfront.net/product-image/file/large_b8e5c7e1-e34d-4361-ad55-eaa36172fd0f.jpg"}, "10": {"name": "Wegmans Sushi Soy Sauce, Reduced Sodium", "price": "$3.49 /ea", "price_per_ounce": "5 fl oz ($0.70/fl oz)", "image": "https://shop.wegmans.com/cdn-cgi/image/dpr=1,f=auto,q=80,h=200,w=200/https://d2d8wwwkmhfcva.cloudfront.net/800x/filters:fill(FFF,true):format(jpg)/d2lnr5mha7bycj.cloudfront.net/product-image/file/large_a549c254-c9c8-4e44-a0e2-d5d8932b274d.jpg"}, "11": {"name": "Wegmans Citrus Soy Sauce", "price": "$2.49 /ea", "price_per_ounce": "4 oz ($0.62/oz)", "image": "https://shop.wegmans.com/cdn-cgi/image/dpr=1,f=auto,q=80,h=200,w=200/https://d2d8wwwkmhfcva.cloudfront.net/800x/filters:fill(FFF,true):format(jpg)/d2lnr5mha7bycj.cloudfront.net/product-image/file/large_a980f704-5496-42d6-bd42-0ccc92880120.jpg"}}, "Ramen noodles": {"0": {"name": "Nissin Top Ramen Ramen Noodle Soup, Chicken Flavor, 6 Pack", "price": "$2.69 /ea", "price_per_ounce": "6 x 3 oz ($0.45/ea)", "image": "https://shop.wegmans.com/cdn-cgi/image/dpr=1,f=auto,q=80,h=200,w=200/https://d2d8wwwkmhfcva.cloudfront.net/800x/filters:fill(FFF,true):format(jpg)/d2lnr5mha7bycj.cloudfront.net/product-image/file/large_f3e9d8bd-d08e-432e-994f-7afbed4ec9e4.jpg"}, "1": {"name": "Wegmans Organic Ramen Wheat Noodles", "price": "$2.99 /ea", "price_per_ounce": "9.5 oz ($0.31/oz)", "image": "https://shop.wegmans.com/cdn-cgi/image/dpr=1,f=auto,q=80,h=200,w=200/https://d2d8wwwkmhfcva.cloudfront.net/800x/filters:fill(FFF,true):format(jpg)/d2lnr5mha7bycj.cloudfront.net/product-image/file/large_a37d1e2f-65ae-4465-bccf-c857b7de1466.jpg"}, "2": {"name": "Sun Noodle Ramen, Kaedama, No. 20", "price": "$3.99 /ea", "price_per_ounce": "10 oz ($0.40/oz)", "image": "https://shop.wegmans.com/cdn-cgi/image/dpr=1,f=auto,q=80,h=200,w=200/https://d2d8wwwkmhfcva.cloudfront.net/800x/filters:fill(FFF,true):format(jpg)/d2lnr5mha7bycj.cloudfront.net/product-image/file/large_5878047a-b0b5-4bd2-87ae-55b1f4a7573e.jpg"}, "3": {"name": "Nissin Top Ramen Ramen Noodle Soup, Beef Flavor, 6 Pack", "price": "$2.69 /ea", "price_per_ounce": "6 x 3 oz ($0.45/ea)", "image": "https://shop.wegmans.com/cdn-cgi/image/dpr=1,f=auto,q=80,h=200,w=200/https://d2d8wwwkmhfcva.cloudfront.net/800x/filters:fill(FFF,true):format(jpg)/d2lnr5mha7bycj.cloudfront.net/product-image/file/large_67d7ccf2-2725-4ae1-aeba-545a26c87842.jpg"}, "4": {"name": "Nissin Top Ramen Ramen Noodle Soup, Chicken Flavor, 6 Pack", "price": "$2.69 /ea", "price_per_ounce": "6 x 3 oz ($0.45/ea)", "image": "https://shop.wegmans.com/cdn-cgi/image/dpr=1,f=auto,q=80,h=200,w=200/https://d2d8wwwkmhfcva.cloudfront.net/800x/filters:fill(FFF,true):format(jpg)/d2lnr5mha7bycj.cloudfront.net/product-image/file/large_f3e9d8bd-d08e-432e-994f-7afbed4ec9e4.jpg"}, "5": {"name": "Wegmans Organic Ramen Wheat Noodles", "price": "$2.99 /ea", "price_per_ounce": "9.5 oz ($0.31/oz)", "image": "https://shop.wegmans.com/cdn-cgi/image/dpr=1,f=auto,q=80,h=200,w=200/https://d2d8wwwkmhfcva.cloudfront.net/800x/filters:fill(FFF,true):format(jpg)/d2lnr5mha7bycj.cloudfront.net/product-image/file/large_a37d1e2f-65ae-4465-bccf-c857b7de1466.jpg"}, "6": {"name": "Sun Noodle Ramen, Kaedama, No. 20", "price": "$3.99 /ea", "price_per_ounce": "10 oz ($0.40/oz)", "image": "https://shop.wegmans.com/cdn-cgi/image/dpr=1,f=auto,q=80,h=200,w=200/https://d2d8wwwkmhfcva.cloudfront.net/800x/filters:fill(FFF,true):format(jpg)/d2lnr5mha7bycj.cloudfront.net/product-image/file/large_5878047a-b0b5-4bd2-87ae-55b1f4a7573e.jpg"}, "7": {"name": "Nissin Top Ramen Ramen Noodle Soup, Beef Flavor, 6 Pack", "price": "$2.69 /ea", "price_per_ounce": "6 x 3 oz ($0.45/ea)", "image": "https://shop.wegmans.com/cdn-cgi/image/dpr=1,f=auto,q=80,h=200,w=200/https://d2d8wwwkmhfcva.cloudfront.net/800x/filters:fill(FFF,true):format(jpg)/d2lnr5mha7bycj.cloudfront.net/product-image/file/large_67d7ccf2-2725-4ae1-aeba-545a26c87842.jpg"}, "8": {"name": "Nissin Top Ramen Ramen Noodle Soup, Chicken Flavor, 6 Pack", "price": "$2.69 /ea", "price_per_ounce": "6 x 3 oz ($0.45/ea)", "image": "https://shop.wegmans.com/cdn-cgi/image/dpr=1,f=auto,q=80,h=200,w=200/https://d2d8wwwkmhfcva.cloudfront.net/800x/filters:fill(FFF,true):format(jpg)/d2lnr5mha7bycj.cloudfront.net/product-image/file/large_f3e9d8bd-d08e-432e-994f-7afbed4ec9e4.jpg"}, "9": {"name": "Wegmans Organic Ramen Wheat Noodles", "price": "$2.99 /ea", "price_per_ounce": "9.5 oz ($0.31/oz)", "image": "https://shop.wegmans.com/cdn-cgi/image/dpr=1,f=auto,q=80,h=200,w=200/https://d2d8wwwkmhfcva.cloudfront.net/800x/filters:fill(FFF,true):format(jpg)/d2lnr5mha7bycj.cloudfront.net/product-image/file/large_a37d1e2f-65ae-4465-bccf-c857b7de1466.jpg"}, "10": {"name": "Sun Noodle Ramen, Kaedama, No. 20", "price": "$3.99 /ea", "price_per_ounce": "10 oz ($0.40/oz)", "image": "https://shop.wegmans.com/cdn-cgi/image/dpr=1,f=auto,q=80,h=200,w=200/https://d2d8wwwkmhfcva.cloudfront.net/800x/filters:fill(FFF,true):format(jpg)/d2lnr5mha7bycj.cloudfront.net/product-image/file/large_5878047a-b0b5-4bd2-87ae-55b1f4a7573e.jpg"}, "11": {"name": "Nissin Top Ramen Ramen Noodle Soup, Beef Flavor, 6 Pack", "price": "$2.69 /ea", "price_per_ounce": "6 x 3 oz ($0.45/ea)", "image": "https://shop.wegmans.com/cdn-cgi/image/dpr=1,f=auto,q=80,h=200,w=200/https://d2d8wwwkmhfcva.cloudfront.net/800x/filters:fill(FFF,true):format(jpg)/d2lnr5mha7bycj.cloudfront.net/product-image/file/large_67d7ccf2-2725-4ae1-aeba-545a26c87842.jpg"}}, "Old-fashioned oats": {"0": {"name": "Nature's Path Oats, Gluten Free, Old Fashioned", "price": "$4.99 /ea", "price_per_ounce": "18 oz ($0.28/oz)", "image": "https://shop.wegmans.com/cdn-cgi/image/dpr=1,f=auto,q=80,h=200,w=200/https://d2d8wwwkmhfcva.cloudfront.net/800x/filters:fill(FFF,true):format(jpg)/d2lnr5mha7bycj.cloudfront.net/product-image/file/large_537d4686-6c04-4fc7-aa6e-e16fa47442de.jpg"}, "1": {"name": "Bob's Red Mill Rolled Oats, Whole Grain, Old Fashioned", "price": "$6.99 /ea", "price_per_ounce": "32 oz ($0.22/oz)", "image": "https://shop.wegmans.com/cdn-cgi/image/dpr=1,f=auto,q=80,h=200,w=200/https://d2d8wwwkmhfcva.cloudfront.net/800x/filters:fill(FFF,true):format(jpg)/d2lnr5mha7bycj.cloudfront.net/product-image/file/large_d7d25ea9-3238-4bed-a9b6-34cebebeee35.jpg"}, "2": {"name": "Quaker Oats, 100% Whole Grain, Old Fashioned", "price": "$3.99 /ea", "price_per_ounce": "18 oz ($0.22/oz)", "image": "https://shop.wegmans.com/cdn-cgi/image/dpr=1,f=auto,q=80,h=200,w=200/https://d2d8wwwkmhfcva.cloudfront.net/800x/filters:fill(FFF,true):format(jpg)/d2lnr5mha7bycj.cloudfront.net/product-image/file/large_ebc796b2-f764-464d-a3d5-374e436191d0.jpg"}, "3": {"name": "Quaker Oats, 100% Whole Grain, Old Fashioned", "price": "$5.99 /ea", "price_per_ounce": "42 oz ($0.14/oz)", "image": "https://shop.wegmans.com/cdn-cgi/image/dpr=1,f=auto,q=80,h=200,w=200/https://d2d8wwwkmhfcva.cloudfront.net/800x/filters:fill(FFF,true):format(jpg)/d2lnr5mha7bycj.cloudfront.net/product-image/file/large_896e1fcc-0b8c-497b-9dbc-4ca369d632db.jpg"}, "4": {"name": "Nature's Path Oats, Gluten Free, Old Fashioned", "price": "$4.99 /ea", "price_per_ounce": "18 oz ($0.28/oz)", "image": "https://shop.wegmans.com/cdn-cgi/image/dpr=1,f=auto,q=80,h=200,w=200/https://d2d8wwwkmhfcva.cloudfront.net/800x/filters:fill(FFF,true):format(jpg)/d2lnr5mha7bycj.cloudfront.net/product-image/file/large_537d4686-6c04-4fc7-aa6e-e16fa47442de.jpg"}, "5": {"name": "Bob's Red Mill Rolled Oats, Whole Grain, Old Fashioned", "price": "$6.99 /ea", "price_per_ounce": "32 oz ($0.22/oz)", "image": "https://shop.wegmans.com/cdn-cgi/image/dpr=1,f=auto,q=80,h=200,w=200/https://d2d8wwwkmhfcva.cloudfront.net/800x/filters:fill(FFF,true):format(jpg)/d2lnr5mha7bycj.cloudfront.net/product-image/file/large_d7d25ea9-3238-4bed-a9b6-34cebebeee35.jpg"}, "6": {"name": "Quaker Oats, 100% Whole Grain, Old Fashioned", "price": "$3.99 /ea", "price_per_ounce": "18 oz ($0.22/oz)", "image": "https://shop.wegmans.com/cdn-cgi/image/dpr=1,f=auto,q=80,h=200,w=200/https://d2d8wwwkmhfcva.cloudfront.net/800x/filters:fill(FFF,true):format(jpg)/d2lnr5mha7bycj.cloudfront.net/product-image/file/large_ebc796b2-f764-464d-a3d5-374e436191d0.jpg"}, "7": {"name": "Quaker Oats, 100% Whole Grain, Old Fashioned", "price": "$5.99 /ea", "price_per_ounce": "42 oz ($0.14/oz)", "image": "https://shop.wegmans.com/cdn-cgi/image/dpr=1,f=auto,q=80,h=200,w=200/https://d2d8wwwkmhfcva.cloudfront.net/800x/filters:fill(FFF,true):format(jpg)/d2lnr5mha7bycj.cloudfront.net/product-image/file/large_896e1fcc-0b8c-497b-9dbc-4ca369d632db.jpg"}, "8": {"name": "Nature's Path Oats, Gluten Free, Old Fashioned", "price": "$4.99 /ea", "price_per_ounce": "18 oz ($0.28/oz)", "image": "https://shop.wegmans.com/cdn-cgi/image/dpr=1,f=auto,q=80,h=200,w=200/https://d2d8wwwkmhfcva.cloudfront.net/800x/filters:fill(FFF,true):format(jpg)/d2lnr5mha7bycj.cloudfront.net/product-image/file/large_537d4686-6c04-4fc7-aa6e-e16fa47442de.jpg"}, "9": {"name": "Bob's Red Mill Rolled Oats, Whole Grain, Old Fashioned", "price": "$6.99 /ea", "price_per_ounce": "32 oz ($0.22/oz)", "image": "https://shop.wegmans.com/cdn-cgi/image/dpr=1,f=auto,q=80,h=200,w=200/https://d2d8wwwkmhfcva.cloudfront.net/800x/filters:fill(FFF,true):format(jpg)/d2lnr5mha7bycj.cloudfront.net/product-image/file/large_d7d25ea9-3238-4bed-a9b6-34cebebeee35.jpg"}, "10": {"name": "Quaker Oats, 100% Whole Grain, Old Fashioned", "price": "$3.99 /ea", "price_per_ounce": "18 oz ($0.22/oz)", "image": "https://shop.wegmans.com/cdn-cgi/image/dpr=1,f=auto,q=80,h=200,w=200/https://d2d8wwwkmhfcva.cloudfront.net/800x/filters:fill(FFF,true):format(jpg)/d2lnr5mha7bycj.cloudfront.net/product-image/file/large_ebc796b2-f764-464d-a3d5-374e436191d0.jpg"}, "11": {"name": "Quaker Oats, 100% Whole Grain, Old Fashioned", "price": "$5.99 /ea", "price_per_ounce": "42 oz ($0.14/oz)", "image": "https://shop.wegmans.com/cdn-cgi/image/dpr=1,f=auto,q=80,h=200,w=200/https://d2d8wwwkmhfcva.cloudfront.net/800x/filters:fill(FFF,true):format(jpg)/d2lnr5mha7bycj.cloudfront.net/product-image/file/large_896e1fcc-0b8c-497b-9dbc-4ca369d632db.jpg"}}, "Diced tomatoes": {"0": {"name": "Wegmans Diced Tomatoes", "price": "$1.79 /ea", "price_per_ounce": "28 oz ($0.06/oz)", "image": "https://shop.wegmans.com/cdn-cgi/image/dpr=1,f=auto,q=80,h=200,w=200/https://d2d8wwwkmhfcva.cloudfront.net/800x/filters:fill(FFF,true):format(jpg)/d2lnr5mha7bycj.cloudfront.net/product-image/file/large_bb93d2ac-82ff-4d9b-aa6f-d3a83620d2ee.jpg"}, "1": {"name": "Wegmans Organic Fire Roasted Diced Tomatoes", "price": "$1.79 /ea", "price_per_ounce": "14.5 oz ($0.12/oz)", "image": "https://shop.wegmans.com/cdn-cgi/image/dpr=1,f=auto,q=80,h=200,w=200/https://d2d8wwwkmhfcva.cloudfront.net/800x/filters:fill(FFF,true):format(jpg)/d2lnr5mha7bycj.cloudfront.net/product-image/file/large_3c28cfd0-9de9-4c1e-bc1e-c8da2bcd88b8.jpg"}, "2": {"name": "Wegmans Diced Tomatoes with Green Chilies, Medium Heat", "price": "$1.49 /ea", "price_per_ounce": "10 oz ($0.15/oz)", "image": "https://shop.wegmans.com/cdn-cgi/image/dpr=1,f=auto,q=80,h=200,w=200/https://d2d8wwwkmhfcva.cloudfront.net/800x/filters:fill(FFF,true):format(jpg)/d2lnr5mha7bycj.cloudfront.net/product-image/file/large_33fbdff3-0c47-4c55-90d1-bbf4adfc506d.jpg"}, "3": {"name": "Wegmans Diced Tomatoes", "price": "$0.99 /ea", "price_per_ounce": "14.5 oz ($0.07/oz)", "image": "https://shop.wegmans.com/cdn-cgi/image/dpr=1,f=auto,q=80,h=200,w=200/https://d2d8wwwkmhfcva.cloudfront.net/800x/filters:fill(FFF,true):format(jpg)/d2lnr5mha7bycj.cloudfront.net/product-image/file/large_744b4e7c-f453-443d-95d7-f183b620ed09.jpg"}, "4": {"name": "Wegmans Diced Tomatoes", "price": "$1.79 /ea", "price_per_ounce": "28 oz ($0.06/oz)", "image": "https://shop.wegmans.com/cdn-cgi/image/dpr=1,f=auto,q=80,h=200,w=200/https://d2d8wwwkmhfcva.cloudfront.net/800x/filters:fill(FFF,true):format(jpg)/d2lnr5mha7bycj.cloudfront.net/product-image/file/large_bb93d2ac-82ff-4d9b-aa6f-d3a83620d2ee.jpg"}, "5": {"name": "Wegmans Organic Fire Roasted Diced Tomatoes", "price": "$1.79 /ea", "price_per_ounce": "14.5 oz ($0.12/oz)", "image": "https://shop.wegmans.com/cdn-cgi/image/dpr=1,f=auto,q=80,h=200,w=200/https://d2d8wwwkmhfcva.cloudfront.net/800x/filters:fill(FFF,true):format(jpg)/d2lnr5mha7bycj.cloudfront.net/product-image/file/large_3c28cfd0-9de9-4c1e-bc1e-c8da2bcd88b8.jpg"}, "6": {"name": "Wegmans Diced Tomatoes with Green Chilies, Medium Heat", "price": "$1.49 /ea", "price_per_ounce": "10 oz ($0.15/oz)", "image": "https://shop.wegmans.com/cdn-cgi/image/dpr=1,f=auto,q=80,h=200,w=200/https://d2d8wwwkmhfcva.cloudfront.net/800x/filters:fill(FFF,true):format(jpg)/d2lnr5mha7bycj.cloudfront.net/product-image/file/large_33fbdff3-0c47-4c55-90d1-bbf4adfc506d.jpg"}, "7": {"name": "Wegmans Diced Tomatoes", "price": "$0.99 /ea", "price_per_ounce": "14.5 oz ($0.07/oz)", "image": "https://shop.wegmans.com/cdn-cgi/image/dpr=1,f=auto,q=80,h=200,w=200/https://d2d8wwwkmhfcva.cloudfront.net/800x/filters:fill(FFF,true):format(jpg)/d2lnr5mha7bycj.cloudfront.net/product-image/file/large_744b4e7c-f453-443d-95d7-f183b620ed09.jpg"}, "8": {"name": "Wegmans Diced Tomatoes", "price": "$1.79 /ea", "price_per_ounce": "28 oz ($0.06/oz)", "image": "https://shop.wegmans.com/cdn-cgi/image/dpr=1,f=auto,q=80,h=200,w=200/https://d2d8wwwkmhfcva.cloudfront.net/800x/filters:fill(FFF,true):format(jpg)/d2lnr5mha7bycj.cloudfront.net/product-image/file/large_bb93d2ac-82ff-4d9b-aa6f-d3a83620d2ee.jpg"}, "9": {"name": "Wegmans Organic Fire Roasted Diced Tomatoes", "price": "$1.79 /ea", "price_per_ounce": "14.5 oz ($0.12/oz)", "image": "https://shop.wegmans.com/cdn-cgi/image/dpr=1,f=auto,q=80,h=200,w=200/https://d2d8wwwkmhfcva.cloudfront.net/800x/filters:fill(FFF,true):format(jpg)/d2lnr5mha7bycj.cloudfront.net/product-image/file/large_3c28cfd0-9de9-4c1e-bc1e-c8da2bcd88b8.jpg"}, "10": {"name": "Wegmans Diced Tomatoes with Green Chilies, Medium Heat", "price": "$1.49 /ea", "price_per_ounce": "10 oz ($0.15/oz)", "image": "https://shop.wegmans.com/cdn-cgi/image/dpr=1,f=auto,q=80,h=200,w=200/https://d2d8wwwkmhfcva.cloudfront.net/800x/filters:fill(FFF,true):format(jpg)/d2lnr5mha7bycj.cloudfront.net/product-image/file/large_33fbdff3-0c47-4c55-90d1-bbf4adfc506d.jpg"}, "11": {"name": "Wegmans Diced Tomatoes", "price": "$0.99 /ea", "price_per_ounce": "14.5 oz ($0.07/oz)", "image": "https://shop.wegmans.com/cdn-cgi/image/dpr=1,f=auto,q=80,h=200,w=200/https://d2d8wwwkmhfcva.cloudfront.net/800x/filters:fill(FFF,true):format(jpg)/d2lnr5mha7bycj.cloudfront.net/product-image/file/large_744b4e7c-f453-443d-95d7-f183b620ed09.jpg"}}, "Chicken broth": {"0": {"name": "NEW ITEM\nWegmans Organic Chicken Bone Broth", "price": "$9.99 /ea", "price_per_ounce": "24 fl oz ($0.42/fl oz)", "image": "https://shop.wegmans.com/cdn-cgi/image/dpr=1,f=auto,q=80,h=200,w=200/https://d2d8wwwkmhfcva.cloudfront.net/800x/filters:fill(FFF,true):format(jpg)/d2lnr5mha7bycj.cloudfront.net/product-image/file/large_23d32ab4-67c6-4ec6-ac1f-aef3fada4243.jpg"}, "1": {"name": "Wegmans Organic Free Range Chicken Broth", "price": "$4.49 /ea", "price_per_ounce": "32 fl oz ($0.06/fl oz)", "image": "https://shop.wegmans.com/cdn-cgi/image/dpr=1,f=auto,q=80,h=200,w=200/https://d2d8wwwkmhfcva.cloudfront.net/800x/filters:fill(FFF,true):format(jpg)/d2lnr5mha7bycj.cloudfront.net/product-image/file/large_a4f01d35-2c81-4b1c-b061-0419742020e6.jpg"}, "2": {"name": "NEW ITEM\nWegmans Organic Chicken Bone Broth", "price": "$9.99 /ea", "price_per_ounce": "32 fl oz ($0.14/fl oz)", "image": "https://shop.wegmans.com/cdn-cgi/image/dpr=1,f=auto,q=80,h=200,w=200/https://d2d8wwwkmhfcva.cloudfront.net/800x/filters:fill(FFF,true):format(jpg)/d2lnr5mha7bycj.cloudfront.net/product-image/file/large_c62b8b94-80d4-4fb8-ba9a-9af0cb0b5a92.jpg"}, "3": {"name": "Wegmans Chicken Culinary Stock", "price": "$4.49 /ea", "price_per_ounce": "32 fl oz ($0.06/fl oz)", "image": "https://shop.wegmans.com/cdn-cgi/image/dpr=1,f=auto,q=80,h=200,w=200/https://d2d8wwwkmhfcva.cloudfront.net/800x/filters:fill(FFF,true):format(jpg)/d2lnr5mha7bycj.cloudfront.net/product-image/file/large_8611cd25-d1c6-4525-b25a-a34ac3682113.jpg"}, "4": {"name": "NEW ITEM\nWegmans Organic Chicken Bone Broth", "price": "$9.99 /ea", "price_per_ounce": "24 fl oz ($0.42/fl oz)", "image": "https://shop.wegmans.com/cdn-cgi/image/dpr=1,f=auto,q=80,h=200,w=200/https://d2d8wwwkmhfcva.cloudfront.net/800x/filters:fill(FFF,true):format(jpg)/d2lnr5mha7bycj.cloudfront.net/product-image/file/large_23d32ab4-67c6-4ec6-ac1f-aef3fada4243.jpg"}, "5": {"name": "Wegmans Organic Free Range Chicken Broth", "price": "$4.49 /ea", "price_per_ounce": "32 fl oz ($0.06/fl oz)", "image": "https://shop.wegmans.com/cdn-cgi/image/dpr=1,f=auto,q=80,h=200,w=200/https://d2d8wwwkmhfcva.cloudfront.net/800x/filters:fill(FFF,true):format(jpg)/d2lnr5mha7bycj.cloudfront.net/product-image/file/large_a4f01d35-2c81-4b1c-b061-0419742020e6.jpg"}}, "Fresh parsley": {"0": {"name": "Italian Parsley", "price": "$1.49 /ea", "price_per_ounce": "1 bunch ($1.49/bunch)", "image": "https://shop.wegmans.com/cdn-cgi/image/dpr=1,f=auto,q=80,h=200,w=200/https://d2d8wwwkmhfcva.cloudfront.net/800x/filters:fill(FFF,true):format(jpg)/d2lnr5mha7bycj.cloudfront.net/product-image/file/large_c1c5ed56-6a32-4a8a-be66-c6b003dfd5ea.jpg"}, "1": {"name": "Organic Italian Parsley", "price": "$1.49 /ea", "price_per_ounce": "0.25 oz ($5.96/oz)", "image": "https://shop.wegmans.com/cdn-cgi/image/dpr=1,f=auto,q=80,h=200,w=200/https://d2d8wwwkmhfcva.cloudfront.net/800x/filters:fill(FFF,true):format(jpg)/d2lnr5mha7bycj.cloudfront.net/product-image/file/large_90077d7f-f8ac-4d5b-a0d1-15ebb0911b00.jpg"}, "2": {"name": "Wegmans Curley Parsley Bunch", "price": "$1.49 /ea", "price_per_ounce": "1 each ($1.49/each)", "image": "https://shop.wegmans.com/cdn-cgi/image/dpr=1,f=auto,q=80,h=200,w=200/https://d2d8wwwkmhfcva.cloudfront.net/800x/filters:fill(FFF,true):format(jpg)/d2lnr5mha7bycj.cloudfront.net/product-image/file/large_33e506b2-e593-4201-ab4f-7a355af7a8d6.jpg"}, "3": {"name": "Organic Curly Parsley", "price": "$1.49 /ea", "price_per_ounce": "0.25 oz ($5.96/oz)", "image": "https://shop.wegmans.com/cdn-cgi/image/dpr=1,f=auto,q=80,h=200,w=200/https://d2d8wwwkmhfcva.cloudfront.net/800x/filters:fill(FFF,true):format(jpg)/d2lnr5mha7bycj.cloudfront.net/product-image/file/large_0c51df6d-3c0f-41f5-a17f-bd96459b2f6d.jpg"}, "4": {"name": "Italian Parsley", "price": "$1.49 /ea", "price_per_ounce": "1 bunch ($1.49/bunch)", "image": "https://shop.wegmans.com/cdn-cgi/image/dpr=1,f=auto,q=80,h=200,w=200/https://d2d8wwwkmhfcva.cloudfront.net/800x/filters:fill(FFF,true):format(jpg)/d2lnr5mha7bycj.cloudfront.net/product-image/file/large_c1c5ed56-6a32-4a8a-be66-c6b003dfd5ea.jpg"}, "5": {"name": "Organic Italian Parsley", "price": "$1.49 /ea", "price_per_ounce": "0.25 oz ($5.96/oz)", "image": "https://shop.wegmans.com/cdn-cgi/image/dpr=1,f=auto,q=80,h=200,w=200/https://d2d8wwwkmhfcva.cloudfront.net/800x/filters:fill(FFF,true):format(jpg)/d2lnr5mha7bycj.cloudfront.net/product-image/file/large_90077d7f-f8ac-4d5b-a0d1-15ebb0911b00.jpg"}, "6": {"name": "Wegmans Curley Parsley Bunch", "price": "$1.49 /ea", "price_per_ounce": "1 each ($1.49/each)", "image": "https://shop.wegmans.com/cdn-cgi/image/dpr=1,f=auto,q=80,h=200,w=200/https://d2d8wwwkmhfcva.cloudfront.net/800x/filters:fill(FFF,true):format(jpg)/d2lnr5mha7bycj.cloudfront.net/product-image/file/large_33e506b2-e593-4201-ab4f-7a355af7a8d6.jpg"}, "7": {"name": "Organic Curly Parsley", "price": "$1.49 /ea", "price_per_ounce": "0.25 oz ($5.96/oz)", "image": "https://shop.wegmans.com/cdn-cgi/image/dpr=1,f=auto,q=80,h=200,w=200/https://d2d8wwwkmhfcva.cloudfront.net/800x/filters:fill(FFF,true):format(jpg)/d2lnr5mha7bycj.cloudfront.net/product-image/file/large_0c51df6d-3c0f-41f5-a17f-bd96459b2f6d.jpg"}, "8": {"name": "Italian Parsley", "price": "$1.49 /ea", "price_per_ounce": "1 bunch ($1.49/bunch)", "image": "https://shop.wegmans.com/cdn-cgi/image/dpr=1,f=auto,q=80,h=200,w=200/https://d2d8wwwkmhfcva.cloudfront.net/800x/filters:fill(FFF,true):format(jpg)/d2lnr5mha7bycj.cloudfront.net/product-image/file/large_c1c5ed56-6a32-4a8a-be66-c6b003dfd5ea.jpg"}, "9": {"name": "Organic Italian Parsley", "price": "$1.49 /ea", "price_per_ounce": "0.25 oz ($5.96/oz)", "image": "https://shop.wegmans.com/cdn-cgi/image/dpr=1,f=auto,q=80,h=200,w=200/https://d2d8wwwkmhfcva.cloudfront.net/800x/filters:fill(FFF,true):format(jpg)/d2lnr5mha7bycj.cloudfront.net/product-image/file/large_90077d7f-f8ac-4d5b-a0d1-15ebb0911b00.jpg"}, "10": {"name": "Wegmans Curley Parsley Bunch", "price": "$1.49 /ea", "price_per_ounce": "1 each ($1.49/each)", "image": "https://shop.wegmans.com/cdn-cgi/image/dpr=1,f=auto,q=80,h=200,w=200/https://d2d8wwwkmhfcva.cloudfront.net/800x/filters:fill(FFF,true):format(jpg)/d2lnr5mha7bycj.cloudfront.net/product-image/file/large_33e506b2-e593-4201-ab4f-7a355af7a8d6.jpg"}, "11": {"name": "Organic Curly Parsley", "price": "$1.49 /ea", "price_per_ounce": "0.25 oz ($5.96/oz)", "image": "https://shop.wegmans.com/cdn-cgi/image/dpr=1,f=auto,q=80,h=200,w=200/https://d2d8wwwkmhfcva.cloudfront.net/800x/filters:fill(FFF,true):format(jpg)/d2lnr5mha7bycj.cloudfront.net/product-image/file/large_0c51df6d-3c0f-41f5-a17f-bd96459b2f6d.jpg"}}, "Ground cinnamon": {}, "Pancake mix": {"0": {"name": "Wegmans Buttermilk Pancake Mix", "price": "$2.49 /ea", "price_per_ounce": "32 oz ($0.08/oz)", "image": "https://shop.wegmans.com/cdn-cgi/image/dpr=1,f=auto,q=80,h=200,w=200/https://d2d8wwwkmhfcva.cloudfront.net/800x/filters:fill(FFF,true):format(jpg)/d2lnr5mha7bycj.cloudfront.net/product-image/file/large_ff5892a2-b2d8-4978-80b5-7360c9a67486.jpg"}, "1": {"name": "Wegmans Pancake Mix", "price": "$2.49 /ea", "price_per_ounce": "32 oz ($0.08/oz)", "image": "https://shop.wegmans.com/cdn-cgi/image/dpr=1,f=auto,q=80,h=200,w=200/https://d2d8wwwkmhfcva.cloudfront.net/800x/filters:fill(FFF,true):format(jpg)/d2lnr5mha7bycj.cloudfront.net/product-image/file/large_d5528215-4c8f-47b5-b24d-a609e44967ec.jpg"}, "2": {"name": "Wegmans Gluten Free Pancake & Waffle Mix", "price": "$3.99 /ea", "price_per_ounce": "16 oz ($0.25/oz)", "image": "https://shop.wegmans.com/cdn-cgi/image/dpr=1,f=auto,q=80,h=200,w=200/https://d2d8wwwkmhfcva.cloudfront.net/800x/filters:fill(FFF,true):format(jpg)/d2lnr5mha7bycj.cloudfront.net/product-image/file/large_c5d0fa10-f544-4286-90d5-f3713b576ac6.jpg"}, "3": {"name": "Pearl Milling Company Pancake & Waffle Mix, Buttermilk, Complete, Large Size", "price": "$3.29 /ea", "price_per_ounce": "32 oz ($0.10/oz)", "image": "https://shop.wegmans.com/cdn-cgi/image/dpr=1,f=auto,q=80,h=200,w=200/https://d2d8wwwkmhfcva.cloudfront.net/800x/filters:fill(FFF,true):format(jpg)/d2lnr5mha7bycj.cloudfront.net/product-image/file/large_3787efbf-f704-4de0-86d2-06479111b1ba.jpg"}, "4": {"name": "Wegmans Buttermilk Pancake Mix", "price": "$2.49 /ea", "price_per_ounce": "32 oz ($0.08/oz)", "image": "https://shop.wegmans.com/cdn-cgi/image/dpr=1,f=auto,q=80,h=200,w=200/https://d2d8wwwkmhfcva.cloudfront.net/800x/filters:fill(FFF,true):format(jpg)/d2lnr5mha7bycj.cloudfront.net/product-image/file/large_ff5892a2-b2d8-4978-80b5-7360c9a67486.jpg"}, "5": {"name": "Wegmans Pancake Mix", "price": "$2.49 /ea", "price_per_ounce": "32 oz ($0.08/oz)", "image": "https://shop.wegmans.com/cdn-cgi/image/dpr=1,f=auto,q=80,h=200,w=200/https://d2d8wwwkmhfcva.cloudfront.net/800x/filters:fill(FFF,true):format(jpg)/d2lnr5mha7bycj.cloudfront.net/product-image/file/large_d5528215-4c8f-47b5-b24d-a609e44967ec.jpg"}, "6": {"name": "Wegmans Gluten Free Pancake & Waffle Mix", "price": "$3.99 /ea", "price_per_ounce": "16 oz ($0.25/oz)", "image": "https://shop.wegmans.com/cdn-cgi/image/dpr=1,f=auto,q=80,h=200,w=200/https://d2d8wwwkmhfcva.cloudfront.net/800x/filters:fill(FFF,true):format(jpg)/d2lnr5mha7bycj.cloudfront.net/product-image/file/large_c5d0fa10-f544-4286-90d5-f3713b576ac6.jpg"}, "7": {"name": "Pearl Milling Company Pancake & Waffle Mix, Buttermilk, Complete, Large Size", "price": "$3.29 /ea", "price_per_ounce": "32 oz ($0.10/oz)", "image": "https://shop.wegmans.com/cdn-cgi/image/dpr=1,f=auto,q=80,h=200,w=200/https://d2d8wwwkmhfcva.cloudfront.net/800x/filters:fill(FFF,true):format(jpg)/d2lnr5mha7bycj.cloudfront.net/product-image/file/large_3787efbf-f704-4de0-86d2-06479111b1ba.jpg"}, "8": {"name": "Wegmans Buttermilk Pancake Mix", "price": "$2.49 /ea", "price_per_ounce": "32 oz ($0.08/oz)", "image": "https://shop.wegmans.com/cdn-cgi/image/dpr=1,f=auto,q=80,h=200,w=200/https://d2d8wwwkmhfcva.cloudfront.net/800x/filters:fill(FFF,true):format(jpg)/d2lnr5mha7bycj.cloudfront.net/product-image/file/large_ff5892a2-b2d8-4978-80b5-7360c9a67486.jpg"}, "9": {"name": "Wegmans Pancake Mix", "price": "$2.49 /ea", "price_per_ounce": "32 oz ($0.08/oz)", "image": "https://shop.wegmans.com/cdn-cgi/image/dpr=1,f=auto,q=80,h=200,w=200/https://d2d8wwwkmhfcva.cloudfront.net/800x/filters:fill(FFF,true):format(jpg)/d2lnr5mha7bycj.cloudfront.net/product-image/file/large_d5528215-4c8f-47b5-b24d-a609e44967ec.jpg"}, "10": {"name": "Wegmans Gluten Free Pancake & Waffle Mix", "price": "$3.99 /ea", "price_per_ounce": "16 oz ($0.25/oz)", "image": "https://shop.wegmans.com/cdn-cgi/image/dpr=1,f=auto,q=80,h=200,w=200/https://d2d8wwwkmhfcva.cloudfront.net/800x/filters:fill(FFF,true):format(jpg)/d2lnr5mha7bycj.cloudfront.net/product-image/file/large_c5d0fa10-f544-4286-90d5-f3713b576ac6.jpg"}, "11": {"name": "Pearl Milling Company Pancake & Waffle Mix, Buttermilk, Complete, Large Size", "price": "$3.29 /ea", "price_per_ounce": "32 oz ($0.10/oz)", "image": "https://shop.wegmans.com/cdn-cgi/image/dpr=1,f=auto,q=80,h=200,w=200/https://d2d8wwwkmhfcva.cloudfront.net/800x/filters:fill(FFF,true):format(jpg)/d2lnr5mha7bycj.cloudfront.net/product-image/file/large_3787efbf-f704-4de0-86d2-06479111b1ba.jpg"}}, "Pure maple syrup": {"0": {"name": "Wegmans Syrup, Maple, Pure", "price": "$7.19 /ea", "price_per_ounce": "12.5 fl oz ($0.58/fl oz)", "image": "https://shop.wegmans.com/cdn-cgi/image/dpr=1,f=auto,q=80,h=200,w=200/https://d2d8wwwkmhfcva.cloudfront.net/800x/filters:fill(FFF,true):format(jpg)/d2lnr5mha7bycj.cloudfront.net/product-image/file/large_415c5531-ca51-4884-adcf-cf33d1e7e991.jpg"}, "1": {"name": "Wegmans Pure Maple Syrup", "price": "$15.99 /ea", "price_per_ounce": "32 fl oz ($0.50/fl oz)", "image": "https://shop.wegmans.com/cdn-cgi/image/dpr=1,f=auto,q=80,h=200,w=200/https://d2d8wwwkmhfcva.cloudfront.net/800x/filters:fill(FFF,true):format(jpg)/d2lnr5mha7bycj.cloudfront.net/product-image/file/large_81600d50-5d9f-46dc-85ec-b17c39ca5d18.jpg"}, "2": {"name": "Wegmans Organic Pure Maple Syrup", "price": "$8.49 /ea", "price_per_ounce": "12 fl oz ($0.71/fl oz)", "image": "https://shop.wegmans.com/cdn-cgi/image/dpr=1,f=auto,q=80,h=200,w=200/https://d2d8wwwkmhfcva.cloudfront.net/800x/filters:fill(FFF,true):format(jpg)/d2lnr5mha7bycj.cloudfront.net/product-image/file/large_bb0643f0-449f-4d78-8c06-78bff46b5b5e.jpg"}, "3": {"name": "Butternut Mountain Farm Syrup, Organic, Maple", "price": "$7.99 /ea", "price_per_ounce": "12 fl oz ($0.67/fl oz)", "image": "https://shop.wegmans.com/cdn-cgi/image/dpr=1,f=auto,q=80,h=200,w=200/https://d2d8wwwkmhfcva.cloudfront.net/800x/filters:fill(FFF,true):format(jpg)/d2lnr5mha7bycj.cloudfront.net/product-image/file/large_8c1f4f4b-2e85-4dcd-952a-2dc1998a7fb4.jpg"}, "4": {"name": "Wegmans Syrup, Maple, Pure", "price": "$7.19 /ea", "price_per_ounce": "12.5 fl oz ($0.58/fl oz)", "image": "https://shop.wegmans.com/cdn-cgi/image/dpr=1,f=auto,q=80,h=200,w=200/https://d2d8wwwkmhfcva.cloudfront.net/800x/filters:fill(FFF,true):format(jpg)/d2lnr5mha7bycj.cloudfront.net/product-image/file/large_415c5531-ca51-4884-adcf-cf33d1e7e991.jpg"}, "5": {"name": "Wegmans Pure Maple Syrup", "price": "$15.99 /ea", "price_per_ounce": "32 fl oz ($0.50/fl oz)", "image": "https://shop.wegmans.com/cdn-cgi/image/dpr=1,f=auto,q=80,h=200,w=200/https://d2d8wwwkmhfcva.cloudfront.net/800x/filters:fill(FFF,true):format(jpg)/d2lnr5mha7bycj.cloudfront.net/product-image/file/large_81600d50-5d9f-46dc-85ec-b17c39ca5d18.jpg"}, "6": {"name": "Wegmans Organic Pure Maple Syrup", "price": "$8.49 /ea", "price_per_ounce": "12 fl oz ($0.71/fl oz)", "image": "https://shop.wegmans.com/cdn-cgi/image/dpr=1,f=auto,q=80,h=200,w=200/https://d2d8wwwkmhfcva.cloudfront.net/800x/filters:fill(FFF,true):format(jpg)/d2lnr5mha7bycj.cloudfront.net/product-image/file/large_bb0643f0-449f-4d78-8c06-78bff46b5b5e.jpg"}, "7": {"name": "Butternut Mountain Farm Syrup, Organic, Maple", "price": "$7.99 /ea", "price_per_ounce": "12 fl oz ($0.67/fl oz)", "image": "https://shop.wegmans.com/cdn-cgi/image/dpr=1,f=auto,q=80,h=200,w=200/https://d2d8wwwkmhfcva.cloudfront.net/800x/filters:fill(FFF,true):format(jpg)/d2lnr5mha7bycj.cloudfront.net/product-image/file/large_8c1f4f4b-2e85-4dcd-952a-2dc1998a7fb4.jpg"}, "8": {"name": "Wegmans Syrup, Maple, Pure", "price": "$7.19 /ea", "price_per_ounce": "12.5 fl oz ($0.58/fl oz)", "image": "https://shop.wegmans.com/cdn-cgi/image/dpr=1,f=auto,q=80,h=200,w=200/https://d2d8wwwkmhfcva.cloudfront.net/800x/filters:fill(FFF,true):format(jpg)/d2lnr5mha7bycj.cloudfront.net/product-image/file/large_415c5531-ca51-4884-adcf-cf33d1e7e991.jpg"}, "9": {"name": "Wegmans Pure Maple Syrup", "price": "$15.99 /ea", "price_per_ounce": "32 fl oz ($0.50/fl oz)", "image": "https://shop.wegmans.com/cdn-cgi/image/dpr=1,f=auto,q=80,h=200,w=200/https://d2d8wwwkmhfcva.cloudfront.net/800x/filters:fill(FFF,true):format(jpg)/d2lnr5mha7bycj.cloudfront.net/product-image/file/large_81600d50-5d9f-46dc-85ec-b17c39ca5d18.jpg"}, "10": {"name": "Wegmans Organic Pure Maple Syrup", "price": "$8.49 /ea", "price_per_ounce": "12 fl oz ($0.71/fl oz)", "image": "https://shop.wegmans.com/cdn-cgi/image/dpr=1,f=auto,q=80,h=200,w=200/https://d2d8wwwkmhfcva.cloudfront.net/800x/filters:fill(FFF,true):format(jpg)/d2lnr5mha7bycj.cloudfront.net/product-image/file/large_bb0643f0-449f-4d78-8c06-78bff46b5b5e.jpg"}, "11": {"name": "Butternut Mountain Farm Syrup, Organic, Maple", "price": "$7.99 /ea", "price_per_ounce": "12 fl oz ($0.67/fl oz)", "image": "https://shop.wegmans.com/cdn-cgi/image/dpr=1,f=auto,q=80,h=200,w=200/https://d2d8wwwkmhfcva.cloudfront.net/800x/filters:fill(FFF,true):format(jpg)/d2lnr5mha7bycj.cloudfront.net/product-image/file/large_8c1f4f4b-2e85-4dcd-952a-2dc1998a7fb4.jpg"}}, "Waffle mix": {"0": {"name": "Wegmans Pancake Mix", "price": "$2.49 /ea", "price_per_ounce": "32 oz ($0.08/oz)", "image": "https://shop.wegmans.com/cdn-cgi/image/dpr=1,f=auto,q=80,h=200,w=200/https://d2d8wwwkmhfcva.cloudfront.net/800x/filters:fill(FFF,true):format(jpg)/d2lnr5mha7bycj.cloudfront.net/product-image/file/large_d5528215-4c8f-47b5-b24d-a609e44967ec.jpg"}, "1": {"name": "Wegmans Buttermilk Pancake Mix", "price": "$2.49 /ea", "price_per_ounce": "32 oz ($0.08/oz)", "image": "https://shop.wegmans.com/cdn-cgi/image/dpr=1,f=auto,q=80,h=200,w=200/https://d2d8wwwkmhfcva.cloudfront.net/800x/filters:fill(FFF,true):format(jpg)/d2lnr5mha7bycj.cloudfront.net/product-image/file/large_ff5892a2-b2d8-4978-80b5-7360c9a67486.jpg"}, "2": {"name": "Wegmans Gluten Free Pancake & Waffle Mix", "price": "$3.99 /ea", "price_per_ounce": "16 oz ($0.25/oz)", "image": "https://shop.wegmans.com/cdn-cgi/image/dpr=1,f=auto,q=80,h=200,w=200/https://d2d8wwwkmhfcva.cloudfront.net/800x/filters:fill(FFF,true):format(jpg)/d2lnr5mha7bycj.cloudfront.net/product-image/file/large_c5d0fa10-f544-4286-90d5-f3713b576ac6.jpg"}, "3": {"name": "Krusteaz Light & Crispy Belgian Waffle Mix", "price": "$3.19 /ea", "price_per_ounce": "28 oz ($0.11/oz)", "image": "https://shop.wegmans.com/cdn-cgi/image/dpr=1,f=auto,q=80,h=200,w=200/https://d2d8wwwkmhfcva.cloudfront.net/800x/filters:fill(FFF,true):format(jpg)/d2lnr5mha7bycj.cloudfront.net/product-image/file/large_29f066aa-6608-40ae-a9db-68ce4c299da3.jpg"}, "4": {"name": "Wegmans Pancake Mix", "price": "$2.49 /ea", "price_per_ounce": "32 oz ($0.08/oz)", "image": "https://shop.wegmans.com/cdn-cgi/image/dpr=1,f=auto,q=80,h=200,w=200/https://d2d8wwwkmhfcva.cloudfront.net/800x/filters:fill(FFF,true):format(jpg)/d2lnr5mha7bycj.cloudfront.net/product-image/file/large_d5528215-4c8f-47b5-b24d-a609e44967ec.jpg"}, "5": {"name": "Wegmans Buttermilk Pancake Mix", "price": "$2.49 /ea", "price_per_ounce": "32 oz ($0.08/oz)", "image": "https://shop.wegmans.com/cdn-cgi/image/dpr=1,f=auto,q=80,h=200,w=200/https://d2d8wwwkmhfcva.cloudfront.net/800x/filters:fill(FFF,true):format(jpg)/d2lnr5mha7bycj.cloudfront.net/product-image/file/large_ff5892a2-b2d8-4978-80b5-7360c9a67486.jpg"}, "6": {"name": "Wegmans Gluten Free Pancake & Waffle Mix", "price": "$3.99 /ea", "price_per_ounce": "16 oz ($0.25/oz)", "image": "https://shop.wegmans.com/cdn-cgi/image/dpr=1,f=auto,q=80,h=200,w=200/https://d2d8wwwkmhfcva.cloudfront.net/800x/filters:fill(FFF,true):format(jpg)/d2lnr5mha7bycj.cloudfront.net/product-image/file/large_c5d0fa10-f544-4286-90d5-f3713b576ac6.jpg"}, "7": {"name": "Krusteaz Light & Crispy Belgian Waffle Mix", "price": "$3.19 /ea", "price_per_ounce": "28 oz ($0.11/oz)", "image": "https://shop.wegmans.com/cdn-cgi/image/dpr=1,f=auto,q=80,h=200,w=200/https://d2d8wwwkmhfcva.cloudfront.net/800x/filters:fill(FFF,true):format(jpg)/d2lnr5mha7bycj.cloudfront.net/product-image/file/large_29f066aa-6608-40ae-a9db-68ce4c299da3.jpg"}, "8": {"name": "Wegmans Pancake Mix", "price": "$2.49 /ea", "price_per_ounce": "32 oz ($0.08/oz)", "image": "https://shop.wegmans.com/cdn-cgi/image/dpr=1,f=auto,q=80,h=200,w=200/https://d2d8wwwkmhfcva.cloudfront.net/800x/filters:fill(FFF,true):format(jpg)/d2lnr5mha7bycj.cloudfront.net/product-image/file/large_d5528215-4c8f-47b5-b24d-a609e44967ec.jpg"}, "9": {"name": "Wegmans Buttermilk Pancake Mix", "price": "$2.49 /ea", "price_per_ounce": "32 oz ($0.08/oz)", "image": "https://shop.wegmans.com/cdn-cgi/image/dpr=1,f=auto,q=80,h=200,w=200/https://d2d8wwwkmhfcva.cloudfront.net/800x/filters:fill(FFF,true):format(jpg)/d2lnr5mha7bycj.cloudfront.net/product-image/file/large_ff5892a2-b2d8-4978-80b5-7360c9a67486.jpg"}, "10": {"name": "Wegmans Gluten Free Pancake & Waffle Mix", "price": "$3.99 /ea", "price_per_ounce": "16 oz ($0.25/oz)", "image": "https://shop.wegmans.com/cdn-cgi/image/dpr=1,f=auto,q=80,h=200,w=200/https://d2d8wwwkmhfcva.cloudfront.net/800x/filters:fill(FFF,true):format(jpg)/d2lnr5mha7bycj.cloudfront.net/product-image/file/large_c5d0fa10-f544-4286-90d5-f3713b576ac6.jpg"}, "11": {"name": "Krusteaz Light & Crispy Belgian Waffle Mix", "price": "$3.19 /ea", "price_per_ounce": "28 oz ($0.11/oz)", "image": "https://shop.wegmans.com/cdn-cgi/image/dpr=1,f=auto,q=80,h=200,w=200/https://d2d8wwwkmhfcva.cloudfront.net/800x/filters:fill(FFF,true):format(jpg)/d2lnr5mha7bycj.cloudfront.net/product-image/file/large_29f066aa-6608-40ae-a9db-68ce4c299da3.jpg"}}, "Applesauce baby food": {"0": {"name": "Gerber Natural for Baby Apple, Supported Sitter 1st Foods", "price": "$1.39 /ea", "price_per_ounce": "2 x 2 oz ($0.70/ea)", "image": "https://shop.wegmans.com/cdn-cgi/image/dpr=1,f=auto,q=80,h=200,w=200/https://d2d8wwwkmhfcva.cloudfront.net/800x/filters:fill(FFF,true):format(jpg)/d2lnr5mha7bycj.cloudfront.net/product-image/file/large_85faecfb-537e-4046-b7a6-79abc4ac517a.jpg"}, "1": {"name": "Mott's Mighty Applesauce & Fiber, Honeycrisp Apple", "price": "$7.99 /ea", "price_per_ounce": "12 x 3.2 oz ($0.67/ea)", "image": "https://shop.wegmans.com/cdn-cgi/image/dpr=1,f=auto,q=80,h=200,w=200/https://d2d8wwwkmhfcva.cloudfront.net/800x/filters:fill(FFF,true):format(jpg)/d2lnr5mha7bycj.cloudfront.net/product-image/file/large_f2899374-4872-40c6-9dd4-279590d59b5b.jpg"}, "2": {"name": "Gerber 2nd Foods Fruit & Veggie Favorites, Natural for Baby, Variety Pack", "price": "$29.29 /ea", "price_per_ounce": "32 x 8 lb ($0.92/ea)", "image": "https://shop.wegmans.com/cdn-cgi/image/dpr=1,f=auto,q=80,h=200,w=200/https://d2d8wwwkmhfcva.cloudfront.net/800x/filters:fill(FFF,true):format(jpg)/d2lnr5mha7bycj.cloudfront.net/product-image/file/large_54d7b8f9-b648-41e8-97cf-667893dc3b72.jpg"}, "3": {"name": "Gerber Natural for Baby Apple, Sitter 2nd Foods, 2 Pack", "price": "$1.89 /ea", "price_per_ounce": "2 x 4 oz ($0.95/ea)", "image": "https://shop.wegmans.com/cdn-cgi/image/dpr=1,f=auto,q=80,h=200,w=200/https://d2d8wwwkmhfcva.cloudfront.net/800x/filters:fill(FFF,true):format(jpg)/d2lnr5mha7bycj.cloudfront.net/product-image/file/large_d696805f-6d7e-4980-9521-bb7030dbd696.jpg"}, "4": {"name": "Gerber Natural for Baby Apple, Supported Sitter 1st Foods", "price": "$1.39 /ea", "price_per_ounce": "2 x 2 oz ($0.70/ea)", "image": "https://shop.wegmans.com/cdn-cgi/image/dpr=1,f=auto,q=80,h=200,w=200/https://d2d8wwwkmhfcva.cloudfront.net/800x/filters:fill(FFF,true):format(jpg)/d2lnr5mha7bycj.cloudfront.net/product-image/file/large_85faecfb-537e-4046-b7a6-79abc4ac517a.jpg"}, "5": {"name": "Mott's Mighty Applesauce & Fiber, Honeycrisp Apple", "price": "$7.99 /ea", "price_per_ounce": "12 x 3.2 oz ($0.67/ea)", "image": "https://shop.wegmans.com/cdn-cgi/image/dpr=1,f=auto,q=80,h=200,w=200/https://d2d8wwwkmhfcva.cloudfront.net/800x/filters:fill(FFF,true):format(jpg)/d2lnr5mha7bycj.cloudfront.net/product-image/file/large_f2899374-4872-40c6-9dd4-279590d59b5b.jpg"}, "6": {"name": "Gerber 2nd Foods Fruit & Veggie Favorites, Natural for Baby, Variety Pack", "price": "$29.29 /ea", "price_per_ounce": "32 x 8 lb ($0.92/ea)", "image": "https://shop.wegmans.com/cdn-cgi/image/dpr=1,f=auto,q=80,h=200,w=200/https://d2d8wwwkmhfcva.cloudfront.net/800x/filters:fill(FFF,true):format(jpg)/d2lnr5mha7bycj.cloudfront.net/product-image/file/large_54d7b8f9-b648-41e8-97cf-667893dc3b72.jpg"}, "7": {"name": "Gerber Natural for Baby Apple, Sitter 2nd Foods, 2 Pack", "price": "$1.89 /ea", "price_per_ounce": "2 x 4 oz ($0.95/ea)", "image": "https://shop.wegmans.com/cdn-cgi/image/dpr=1,f=auto,q=80,h=200,w=200/https://d2d8wwwkmhfcva.cloudfront.net/800x/filters:fill(FFF,true):format(jpg)/d2lnr5mha7bycj.cloudfront.net/product-image/file/large_d696805f-6d7e-4980-9521-bb7030dbd696.jpg"}, "8": {"name": "Gerber Natural for Baby Apple, Supported Sitter 1st Foods", "price": "$1.39 /ea", "price_per_ounce": "2 x 2 oz ($0.70/ea)", "image": "https://shop.wegmans.com/cdn-cgi/image/dpr=1,f=auto,q=80,h=200,w=200/https://d2d8wwwkmhfcva.cloudfront.net/800x/filters:fill(FFF,true):format(jpg)/d2lnr5mha7bycj.cloudfront.net/product-image/file/large_85faecfb-537e-4046-b7a6-79abc4ac517a.jpg"}, "9": {"name": "Mott's Mighty Applesauce & Fiber, Honeycrisp Apple", "price": "$7.99 /ea", "price_per_ounce": "12 x 3.2 oz ($0.67/ea)", "image": "https://shop.wegmans.com/cdn-cgi/image/dpr=1,f=auto,q=80,h=200,w=200/https://d2d8wwwkmhfcva.cloudfront.net/800x/filters:fill(FFF,true):format(jpg)/d2lnr5mha7bycj.cloudfront.net/product-image/file/large_f2899374-4872-40c6-9dd4-279590d59b5b.jpg"}, "10": {"name": "Gerber 2nd Foods Fruit & Veggie Favorites, Natural for Baby, Variety Pack", "price": "$29.29 /ea", "price_per_ounce": "32 x 8 lb ($0.92/ea)", "image": "https://shop.wegmans.com/cdn-cgi/image/dpr=1,f=auto,q=80,h=200,w=200/https://d2d8wwwkmhfcva.cloudfront.net/800x/filters:fill(FFF,true):format(jpg)/d2lnr5mha7bycj.cloudfront.net/product-image/file/large_54d7b8f9-b648-41e8-97cf-667893dc3b72.jpg"}, "11": {"name": "Gerber Natural for Baby Apple, Sitter 2nd Foods, 2 Pack", "price": "$1.89 /ea", "price_per_ounce": "2 x 4 oz ($0.95/ea)", "image": "https://shop.wegmans.com/cdn-cgi/image/dpr=1,f=auto,q=80,h=200,w=200/https://d2d8wwwkmhfcva.cloudfront.net/800x/filters:fill(FFF,true):format(jpg)/d2lnr5mha7bycj.cloudfront.net/product-image/file/large_d696805f-6d7e-4980-9521-bb7030dbd696.jpg"}}, "Size 3 diapers": {"0": {"name": "Wegmans Diapers, Size 3", "price": "$16.99 /ea", "price_per_ounce": "104 ct ($0.16/ct)", "image": "https://shop.wegmans.com/cdn-cgi/image/dpr=1,f=auto,q=80,h=200,w=200/https://d2d8wwwkmhfcva.cloudfront.net/800x/filters:fill(FFF,true):format(jpg)/d2lnr5mha7bycj.cloudfront.net/product-image/file/large_5a25adc8-ab13-4a73-bd48-54c1c40e2f66.jpg"}, "1": {"name": "Wegmans Diapers, Size 3", "price": "$5.79 /ea", "price_per_ounce": "32 ct ($0.18/ct)", "image": "https://shop.wegmans.com/cdn-cgi/image/dpr=1,f=auto,q=80,h=200,w=200/https://d2d8wwwkmhfcva.cloudfront.net/800x/filters:fill(FFF,true):format(jpg)/d2lnr5mha7bycj.cloudfront.net/product-image/file/large_1a5d1487-83db-4d82-8ece-a351b5323807.jpg"}, "2": {"name": "Wegmans Diapers, Size 3, FAMILY PACK", "price": "$25.99 /ea", "price_per_ounce": "168 ct ($0.15/ct)", "image": "https://shop.wegmans.com/cdn-cgi/image/dpr=1,f=auto,q=80,h=200,w=200/https://d2d8wwwkmhfcva.cloudfront.net/800x/filters:fill(FFF,true):format(jpg)/d2lnr5mha7bycj.cloudfront.net/product-image/file/large_5f2ee10d-0255-4474-85ae-fb0536c447c2.jpg"}, "3": {"name": "Wegmans Diapers, Size 4, FAMILY PACK", "price": "$25.99 /ea", "price_per_ounce": "148 ct ($0.18/ct)", "image": "https://shop.wegmans.com/cdn-cgi/image/dpr=1,f=auto,q=80,h=200,w=200/https://d2d8wwwkmhfcva.cloudfront.net/800x/filters:fill(FFF,true):format(jpg)/d2lnr5mha7bycj.cloudfront.net/product-image/file/large_7f091509-4c1e-4be3-ada3-a4e58563a7c9.jpg"}, "4": {"name": "Wegmans Diapers, Size 3", "price": "$16.99 /ea", "price_per_ounce": "104 ct ($0.16/ct)", "image": "https://shop.wegmans.com/cdn-cgi/image/dpr=1,f=auto,q=80,h=200,w=200/https://d2d8wwwkmhfcva.cloudfront.net/800x/filters:fill(FFF,true):format(jpg)/d2lnr5mha7bycj.cloudfront.net/product-image/file/large_5a25adc8-ab13-4a73-bd48-54c1c40e2f66.jpg"}, "5": {"name": "Wegmans Diapers, Size 3", "price": "$5.79 /ea", "price_per_ounce": "32 ct ($0.18/ct)", "image": "https://shop.wegmans.com/cdn-cgi/image/dpr=1,f=auto,q=80,h=200,w=200/https://d2d8wwwkmhfcva.cloudfront.net/800x/filters:fill(FFF,true):format(jpg)/d2lnr5mha7bycj.cloudfront.net/product-image/file/large_1a5d1487-83db-4d82-8ece-a351b5323807.jpg"}, "6": {"name": "Wegmans Diapers, Size 3, FAMILY PACK", "price": "$25.99 /ea", "price_per_ounce": "168 ct ($0.15/ct)", "image": "https://shop.wegmans.com/cdn-cgi/image/dpr=1,f=auto,q=80,h=200,w=200/https://d2d8wwwkmhfcva.cloudfront.net/800x/filters:fill(FFF,true):format(jpg)/d2lnr5mha7bycj.cloudfront.net/product-image/file/large_5f2ee10d-0255-4474-85ae-fb0536c447c2.jpg"}, "7": {"name": "Wegmans Diapers, Size 4, FAMILY PACK", "price": "$25.99 /ea", "price_per_ounce": "148 ct ($0.18/ct)", "image": "https://shop.wegmans.com/cdn-cgi/image/dpr=1,f=auto,q=80,h=200,w=200/https://d2d8wwwkmhfcva.cloudfront.net/800x/filters:fill(FFF,true):format(jpg)/d2lnr5mha7bycj.cloudfront.net/product-image/file/large_7f091509-4c1e-4be3-ada3-a4e58563a7c9.jpg"}, "8": {"name": "Wegmans Diapers, Size 3", "price": "$16.99 /ea", "price_per_ounce": "104 ct ($0.16/ct)", "image": "https://shop.wegmans.com/cdn-cgi/image/dpr=1,f=auto,q=80,h=200,w=200/https://d2d8wwwkmhfcva.cloudfront.net/800x/filters:fill(FFF,true):format(jpg)/d2lnr5mha7bycj.cloudfront.net/product-image/file/large_5a25adc8-ab13-4a73-bd48-54c1c40e2f66.jpg"}, "9": {"name": "Wegmans Diapers, Size 3", "price": "$5.79 /ea", "price_per_ounce": "32 ct ($0.18/ct)", "image": "https://shop.wegmans.com/cdn-cgi/image/dpr=1,f=auto,q=80,h=200,w=200/https://d2d8wwwkmhfcva.cloudfront.net/800x/filters:fill(FFF,true):format(jpg)/d2lnr5mha7bycj.cloudfront.net/product-image/file/large_1a5d1487-83db-4d82-8ece-a351b5323807.jpg"}, "10": {"name": "Wegmans Diapers, Size 3, FAMILY PACK", "price": "$25.99 /ea", "price_per_ounce": "168 ct ($0.15/ct)", "image": "https://shop.wegmans.com/cdn-cgi/image/dpr=1,f=auto,q=80,h=200,w=200/https://d2d8wwwkmhfcva.cloudfront.net/800x/filters:fill(FFF,true):format(jpg)/d2lnr5mha7bycj.cloudfront.net/product-image/file/large_5f2ee10d-0255-4474-85ae-fb0536c447c2.jpg"}, "11": {"name": "Wegmans Diapers, Size 4, FAMILY PACK", "price": "$25.99 /ea", "price_per_ounce": "148 ct ($0.18/ct)", "image": "https://shop.wegmans.com/cdn-cgi/image/dpr=1,f=auto,q=80,h=200,w=200/https://d2d8wwwkmhfcva.cloudfront.net/800x/filters:fill(FFF,true):format(jpg)/d2lnr5mha7bycj.cloudfront.net/product-image/file/large_7f091509-4c1e-4be3-ada3-a4e58563a7c9.jpg"}}, "Liquid laundry detergent": {"0": {"name": "Wegmans Free & Clear Laundry Detergent", "price": "$2.99 /ea", "price_per_ounce": "50 fl oz ($0.06/fl oz)", "image": "https://shop.wegmans.com/cdn-cgi/image/dpr=1,f=auto,q=80,h=200,w=200/https://d2d8wwwkmhfcva.cloudfront.net/800x/filters:fill(FFF,true):format(jpg)/d2lnr5mha7bycj.cloudfront.net/product-image/file/large_a4b64168-b47d-4b56-9a27-3bbee3afb456.jpg"}, "1": {"name": "Wegmans Fresh Scent Laundry Detergent with Oxi Booster", "price": "$10.99 /ea", "price_per_ounce": "92 fl oz ($0.12/fl oz)", "image": "https://shop.wegmans.com/cdn-cgi/image/dpr=1,f=auto,q=80,h=200,w=200/https://d2d8wwwkmhfcva.cloudfront.net/800x/filters:fill(FFF,true):format(jpg)/d2lnr5mha7bycj.cloudfront.net/product-image/file/large_8f2d1e85-c43c-4232-bdcf-89952e1b54a6.jpg"}, "2": {"name": "Wegmans Free & Clear Liquid Laundry Detergent, FAMILY PACK", "price": "$8.99 /ea", "price_per_ounce": "200 fl oz ($0.04/fl oz)", "image": "https://shop.wegmans.com/cdn-cgi/image/dpr=1,f=auto,q=80,h=200,w=200/https://d2d8wwwkmhfcva.cloudfront.net/800x/filters:fill(FFF,true):format(jpg)/d2lnr5mha7bycj.cloudfront.net/product-image/file/large_0ffa4282-cd77-4abd-8c8f-77993c094102.jpg"}, "3": {"name": "Wegmans Summer Breeze Laundry Detergent", "price": "$2.99 /ea", "price_per_ounce": "50 fl oz ($0.06/fl oz)", "image": "https://shop.wegmans.com/cdn-cgi/image/dpr=1,f=auto,q=80,h=200,w=200/https://d2d8wwwkmhfcva.cloudfront.net/800x/filters:fill(FFF,true):format(jpg)/d2lnr5mha7bycj.cloudfront.net/product-image/file/large_b1e8a20e-0dcf-47c5-b1b0-9bf4bbc29371.jpg"}, "4": {"name": "Wegmans Free & Clear Laundry Detergent", "price": "$2.99 /ea", "price_per_ounce": "50 fl oz ($0.06/fl oz)", "image": "https://shop.wegmans.com/cdn-cgi/image/dpr=1,f=auto,q=80,h=200,w=200/https://d2d8wwwkmhfcva.cloudfront.net/800x/filters:fill(FFF,true):format(jpg)/d2lnr5mha7bycj.cloudfront.net/product-image/file/large_a4b64168-b47d-4b56-9a27-3bbee3afb456.jpg"}, "5": {"name": "Wegmans Fresh Scent Laundry Detergent with Oxi Booster", "price": "$10.99 /ea", "price_per_ounce": "92 fl oz ($0.12/fl oz)", "image": "https://shop.wegmans.com/cdn-cgi/image/dpr=1,f=auto,q=80,h=200,w=200/https://d2d8wwwkmhfcva.cloudfront.net/800x/filters:fill(FFF,true):format(jpg)/d2lnr5mha7bycj.cloudfront.net/product-image/file/large_8f2d1e85-c43c-4232-bdcf-89952e1b54a6.jpg"}, "6": {"name": "Wegmans Free & Clear Liquid Laundry Detergent, FAMILY PACK", "price": "$8.99 /ea", "price_per_ounce": "200 fl oz ($0.04/fl oz)", "image": "https://shop.wegmans.com/cdn-cgi/image/dpr=1,f=auto,q=80,h=200,w=200/https://d2d8wwwkmhfcva.cloudfront.net/800x/filters:fill(FFF,true):format(jpg)/d2lnr5mha7bycj.cloudfront.net/product-image/file/large_0ffa4282-cd77-4abd-8c8f-77993c094102.jpg"}, "7": {"name": "Wegmans Summer Breeze Laundry Detergent", "price": "$2.99 /ea", "price_per_ounce": "50 fl oz ($0.06/fl oz)", "image": "https://shop.wegmans.com/cdn-cgi/image/dpr=1,f=auto,q=80,h=200,w=200/https://d2d8wwwkmhfcva.cloudfront.net/800x/filters:fill(FFF,true):format(jpg)/d2lnr5mha7bycj.cloudfront.net/product-image/file/large_b1e8a20e-0dcf-47c5-b1b0-9bf4bbc29371.jpg"}, "8": {"name": "Wegmans Free & Clear Laundry Detergent", "price": "$2.99 /ea", "price_per_ounce": "50 fl oz ($0.06/fl oz)", "image": "https://shop.wegmans.com/cdn-cgi/image/dpr=1,f=auto,q=80,h=200,w=200/https://d2d8wwwkmhfcva.cloudfront.net/800x/filters:fill(FFF,true):format(jpg)/d2lnr5mha7bycj.cloudfront.net/product-image/file/large_a4b64168-b47d-4b56-9a27-3bbee3afb456.jpg"}, "9": {"name": "Wegmans Fresh Scent Laundry Detergent with Oxi Booster", "price": "$10.99 /ea", "price_per_ounce": "92 fl oz ($0.12/fl oz)", "image": "https://shop.wegmans.com/cdn-cgi/image/dpr=1,f=auto,q=80,h=200,w=200/https://d2d8wwwkmhfcva.cloudfront.net/800x/filters:fill(FFF,true):format(jpg)/d2lnr5mha7bycj.cloudfront.net/product-image/file/large_8f2d1e85-c43c-4232-bdcf-89952e1b54a6.jpg"}, "10": {"name": "Wegmans Free & Clear Liquid Laundry Detergent, FAMILY PACK", "price": "$8.99 /ea", "price_per_ounce": "200 fl oz ($0.04/fl oz)", "image": "https://shop.wegmans.com/cdn-cgi/image/dpr=1,f=auto,q=80,h=200,w=200/https://d2d8wwwkmhfcva.cloudfront.net/800x/filters:fill(FFF,true):format(jpg)/d2lnr5mha7bycj.cloudfront.net/product-image/file/large_0ffa4282-cd77-4abd-8c8f-77993c094102.jpg"}, "11": {"name": "Wegmans Summer Breeze Laundry Detergent", "price": "$2.99 /ea", "price_per_ounce": "50 fl oz ($0.06/fl oz)", "image": "https://shop.wegmans.com/cdn-cgi/image/dpr=1,f=auto,q=80,h=200,w=200/https://d2d8wwwkmhfcva.cloudfront.net/800x/filters:fill(FFF,true):format(jpg)/d2lnr5mha7bycj.cloudfront.net/product-image/file/large_b1e8a20e-0dcf-47c5-b1b0-9bf4bbc29371.jpg"}}, "Toilet paper rolls": {"0": {"name": "Wegmans Strong & Soft Bath Tissue, 30 Rolls, FAMILY PACK", "price": "$19.99 /ea", "price_per_ounce": "1400 sq ft ($0.01/sq ft)", "image": "https://shop.wegmans.com/cdn-cgi/image/dpr=1,f=auto,q=80,h=200,w=200/https://d2d8wwwkmhfcva.cloudfront.net/800x/filters:fill(FFF,true):format(jpg)/d2lnr5mha7bycj.cloudfront.net/product-image/file/large_235cb430-3b1e-4cb3-ace3-bd1c70274c95.jpg"}, "1": {"name": "Wegmans Our Softest Bath Tissue, 30 Rolls, FAMILY PACK", "price": "$19.99 /ea", "price_per_ounce": "782.8 sq ft ($0.03/sq ft)", "image": "https://shop.wegmans.com/cdn-cgi/image/dpr=1,f=auto,q=80,h=200,w=200/https://d2d8wwwkmhfcva.cloudfront.net/800x/filters:fill(FFF,true):format(jpg)/d2lnr5mha7bycj.cloudfront.net/product-image/file/large_c14c183a-941a-4488-b25c-e73ab65da12e.jpg"}, "2": {"name": "Wegmans 1 Ply Bath Tissue, 20 Rolls, FAMILY PACK", "price": "$14.99 /ea", "price_per_ounce": "2312.5 sq ft ($0.01/sq ft)", "image": "https://shop.wegmans.com/cdn-cgi/image/dpr=1,f=auto,q=80,h=200,w=200/https://d2d8wwwkmhfcva.cloudfront.net/800x/filters:fill(FFF,true):format(jpg)/d2lnr5mha7bycj.cloudfront.net/product-image/file/large_9bc0da83-f80b-46be-9fe1-9b25d55c16c0.jpg"}, "3": {"name": "Wegmans Bath Tissue, 12 Rolls", "price": "$11.99 /ea", "price_per_ounce": "1387.5 sq ft ($0.01/sq ft)", "image": "https://shop.wegmans.com/cdn-cgi/image/dpr=1,f=auto,q=80,h=200,w=200/https://d2d8wwwkmhfcva.cloudfront.net/800x/filters:fill(FFF,true):format(jpg)/d2lnr5mha7bycj.cloudfront.net/product-image/file/large_15bc475d-db0d-4b98-9806-cb87e554a984.jpg"}, "4": {"name": "Wegmans Strong & Soft Bath Tissue, 30 Rolls, FAMILY PACK", "price": "$19.99 /ea", "price_per_ounce": "1400 sq ft ($0.01/sq ft)", "image": "https://shop.wegmans.com/cdn-cgi/image/dpr=1,f=auto,q=80,h=200,w=200/https://d2d8wwwkmhfcva.cloudfront.net/800x/filters:fill(FFF,true):format(jpg)/d2lnr5mha7bycj.cloudfront.net/product-image/file/large_235cb430-3b1e-4cb3-ace3-bd1c70274c95.jpg"}, "5": {"name": "Wegmans Our Softest Bath Tissue, 30 Rolls, FAMILY PACK", "price": "$19.99 /ea", "price_per_ounce": "782.8 sq ft ($0.03/sq ft)", "image": "https://shop.wegmans.com/cdn-cgi/image/dpr=1,f=auto,q=80,h=200,w=200/https://d2d8wwwkmhfcva.cloudfront.net/800x/filters:fill(FFF,true):format(jpg)/d2lnr5mha7bycj.cloudfront.net/product-image/file/large_c14c183a-941a-4488-b25c-e73ab65da12e.jpg"}, "6": {"name": "Wegmans 1 Ply Bath Tissue, 20 Rolls, FAMILY PACK", "price": "$14.99 /ea", "price_per_ounce": "2312.5 sq ft ($0.01/sq ft)", "image": "https://shop.wegmans.com/cdn-cgi/image/dpr=1,f=auto,q=80,h=200,w=200/https://d2d8wwwkmhfcva.cloudfront.net/800x/filters:fill(FFF,true):format(jpg)/d2lnr5mha7bycj.cloudfront.net/product-image/file/large_9bc0da83-f80b-46be-9fe1-9b25d55c16c0.jpg"}, "7": {"name": "Wegmans Bath Tissue, 12 Rolls", "price": "$11.99 /ea", "price_per_ounce": "1387.5 sq ft ($0.01/sq ft)", "image": "https://shop.wegmans.com/cdn-cgi/image/dpr=1,f=auto,q=80,h=200,w=200/https://d2d8wwwkmhfcva.cloudfront.net/800x/filters:fill(FFF,true):format(jpg)/d2lnr5mha7bycj.cloudfront.net/product-image/file/large_15bc475d-db0d-4b98-9806-cb87e554a984.jpg"}, "8": {"name": "Wegmans Strong & Soft Bath Tissue, 30 Rolls, FAMILY PACK", "price": "$19.99 /ea", "price_per_ounce": "1400 sq ft ($0.01/sq ft)", "image": "https://shop.wegmans.com/cdn-cgi/image/dpr=1,f=auto,q=80,h=200,w=200/https://d2d8wwwkmhfcva.cloudfront.net/800x/filters:fill(FFF,true):format(jpg)/d2lnr5mha7bycj.cloudfront.net/product-image/file/large_235cb430-3b1e-4cb3-ace3-bd1c70274c95.jpg"}, "9": {"name": "Wegmans Our Softest Bath Tissue, 30 Rolls, FAMILY PACK", "price": "$19.99 /ea", "price_per_ounce": "782.8 sq ft ($0.03/sq ft)", "image": "https://shop.wegmans.com/cdn-cgi/image/dpr=1,f=auto,q=80,h=200,w=200/https://d2d8wwwkmhfcva.cloudfront.net/800x/filters:fill(FFF,true):format(jpg)/d2lnr5mha7bycj.cloudfront.net/product-image/file/large_c14c183a-941a-4488-b25c-e73ab65da12e.jpg"}, "10": {"name": "Wegmans 1 Ply Bath Tissue, 20 Rolls, FAMILY PACK", "price": "$14.99 /ea", "price_per_ounce": "2312.5 sq ft ($0.01/sq ft)", "image": "https://shop.wegmans.com/cdn-cgi/image/dpr=1,f=auto,q=80,h=200,w=200/https://d2d8wwwkmhfcva.cloudfront.net/800x/filters:fill(FFF,true):format(jpg)/d2lnr5mha7bycj.cloudfront.net/product-image/file/large_9bc0da83-f80b-46be-9fe1-9b25d55c16c0.jpg"}, "11": {"name": "Wegmans Bath Tissue, 12 Rolls", "price": "$11.99 /ea", "price_per_ounce": "1387.5 sq ft ($0.01/sq ft)", "image": "https://shop.wegmans.com/cdn-cgi/image/dpr=1,f=auto,q=80,h=200,w=200/https://d2d8wwwkmhfcva.cloudfront.net/800x/filters:fill(FFF,true):format(jpg)/d2lnr5mha7bycj.cloudfront.net/product-image/file/large_15bc475d-db0d-4b98-9806-cb87e554a984.jpg"}}, "Paper towel roll": {"0": {"name": "Wegmans 100% Recycled Paper Towels, Choose-Your-Size, 2 Rolls", "price": "$4.99 /ea", "price_per_ounce": "113.4 sq ft ($0.04/sq ft)", "image": "https://shop.wegmans.com/cdn-cgi/image/dpr=1,f=auto,q=80,h=200,w=200/https://d2d8wwwkmhfcva.cloudfront.net/800x/filters:fill(FFF,true):format(jpg)/d2lnr5mha7bycj.cloudfront.net/product-image/file/large_6341fde0-f050-405d-a860-c57adf5f27b6.jpg"}, "1": {"name": "Wegmans 12 Roll Paper Towels, Full Sheet Decorative Print, FAMILY PACK", "price": "$11.99 /ea", "price_per_ounce": "635.8 sq ft ($0.03/sq ft)", "image": "https://shop.wegmans.com/cdn-cgi/image/dpr=1,f=auto,q=80,h=200,w=200/https://d2d8wwwkmhfcva.cloudfront.net/800x/filters:fill(FFF,true):format(jpg)/d2lnr5mha7bycj.cloudfront.net/product-image/file/large_021e5623-b70b-4826-aac9-7172007c9bdc.jpg"}, "2": {"name": "Wegmans Choose-A-Size Paper Towels, 6 Rolls", "price": "$5.99 /ea", "price_per_ounce": "313.6 sq ft ($0.04/sq ft)", "image": "https://shop.wegmans.com/cdn-cgi/image/dpr=1,f=auto,q=80,h=200,w=200/https://d2d8wwwkmhfcva.cloudfront.net/800x/filters:fill(FFF,true):format(jpg)/d2lnr5mha7bycj.cloudfront.net/product-image/file/large_aaaa7cfa-cc96-4ffd-aa51-efa1d36fb5ed.jpg"}, "3": {"name": "Wegmans 2 Roll Paper Towels, Full Sheet", "price": "$4.99 /ea", "price_per_ounce": "105.9 sq ft ($0.06/sq ft)", "image": "https://shop.wegmans.com/cdn-cgi/image/dpr=1,f=auto,q=80,h=200,w=200/https://d2d8wwwkmhfcva.cloudfront.net/800x/filters:fill(FFF,true):format(jpg)/d2lnr5mha7bycj.cloudfront.net/product-image/file/large_712e1748-4f81-4478-8ca6-a4f77eb8229b.jpg"}, "4": {"name": "Wegmans 100% Recycled Paper Towels, Choose-Your-Size, 2 Rolls", "price": "$11.99 /ea", "price_per_ounce": "113.4 sq ft ($0.04/sq ft)", "image": "https://shop.wegmans.com/cdn-cgi/image/dpr=1,f=auto,q=80,h=200,w=200/https://d2d8wwwkmhfcva.cloudfront.net/800x/filters:fill(FFF,true):format(jpg)/d2lnr5mha7bycj.cloudfront.net/product-image/file/large_6341fde0-f050-405d-a860-c57adf5f27b6.jpg"}, "5": {"name": "Wegmans 12 Roll Paper Towels, Full Sheet Decorative Print, FAMILY PACK", "price": "$5.99 /ea", "price_per_ounce": "635.8 sq ft ($0.03/sq ft)", "image": "https://shop.wegmans.com/cdn-cgi/image/dpr=1,f=auto,q=80,h=200,w=200/https://d2d8wwwkmhfcva.cloudfront.net/800x/filters:fill(FFF,true):format(jpg)/d2lnr5mha7bycj.cloudfront.net/product-image/file/large_021e5623-b70b-4826-aac9-7172007c9bdc.jpg"}, "6": {"name": "Wegmans Choose-A-Size Paper Towels, 6 Rolls", "price": "$4.99 /ea", "price_per_ounce": "313.6 sq ft ($0.04/sq ft)", "image": "https://shop.wegmans.com/cdn-cgi/image/dpr=1,f=auto,q=80,h=200,w=200/https://d2d8wwwkmhfcva.cloudfront.net/800x/filters:fill(FFF,true):format(jpg)/d2lnr5mha7bycj.cloudfront.net/product-image/file/large_aaaa7cfa-cc96-4ffd-aa51-efa1d36fb5ed.jpg"}, "7": {"name": "Wegmans 2 Roll Paper Towels, Full Sheet", "price": "$11.99 /ea", "price_per_ounce": "105.9 sq ft ($0.06/sq ft)", "image": "https://shop.wegmans.com/cdn-cgi/image/dpr=1,f=auto,q=80,h=200,w=200/https://d2d8wwwkmhfcva.cloudfront.net/800x/filters:fill(FFF,true):format(jpg)/d2lnr5mha7bycj.cloudfront.net/product-image/file/large_712e1748-4f81-4478-8ca6-a4f77eb8229b.jpg"}, "8": {"name": "Wegmans 100% Recycled Paper Towels, Choose-Your-Size, 2 Rolls", "price": "$5.99 /ea", "price_per_ounce": "113.4 sq ft ($0.04/sq ft)", "image": "https://shop.wegmans.com/cdn-cgi/image/dpr=1,f=auto,q=80,h=200,w=200/https://d2d8wwwkmhfcva.cloudfront.net/800x/filters:fill(FFF,true):format(jpg)/d2lnr5mha7bycj.cloudfront.net/product-image/file/large_6341fde0-f050-405d-a860-c57adf5f27b6.jpg"}}}}}}